base_price,discounted_price,product_name,category,brand,description
"1,29","0,93",Tomates Concassées - 400g,epicerie-salee,par La Bio Idea,"Prix au kilo : 2,35€/kgTomates concassées idéales pour la confection de délicieuses sauces. Ingrédients issus de l'agriculture biologique . Contenance : Boîte de 400g.Ingrédients : Tomates , jus de tomatesValeurs nutritionnelles (pour 100g) : Energie (kJ/Kcal) 110/26 ; Matières grasses : 0,2g dont acides gras saturés :"
"6,69","4,31",Curry D'Aubergines - 650g,epicerie-salee,par ProSain,"Prix au kilo : 6,63€/kgCurry d'aubergines aux ingrédients issus de l'agriculture biologique. Contenance : 650gIngrédients : Aubergines frites (49%), pulpe de tomate , oigons , huile de tournesol désodorisée, eau, poudre de lait de coco , épices , sirop de riz , sel de mer, graines de fenouil ; jus concentré de citronVa"
"4,69","3,41",Ratatouille À La Catalane - 650g,epicerie-salee,par ProSain,"Prix au kilo : 5,26€/kgDélicieuse ratatouille a la catalane aux ingrédients issus de l'agriculture biologique. Contenance : 650gIngrédients : Tomate (reconstituée à partir de concentré ) et pulpe de tomate ,aubergines frites 21%, courgettes frites 21%, oignons , huile de tournesol désodorisée, poivrons rouges, sel de m"
"5,99","4,17",Tahin purée de sésame nature - 500g,epicerie-salee,par Lima,"Prix au kilo : 8,34€/kgTahin purée de sésame complet nature. Pot de 500g.Ingrédients : SésameValeurs nutritionnelles (pour 100g) : Energie (kJ/Kcal) 2696/645 ; Matières grasses : 56,5g dont acides gras saturés : 9,9g ; Glucides : 3,8g dont Sucres : 2,6g ; Protéines : 25,3g ; Fibres : 10g; Sodium : 0,01g"
"2,59","1,95",Maïs Doux - 345g,epicerie-salee,par ProSain,"Prix au kilo : 5,65€/kgMaïs doux à déguster froid en salade ou chaud en garniture de tous vos plats. Teneur très réduite en sodium. Ingrédients issus de l'agriculture biologique. Contenance : 345gIngrédients : Maïs doux, eauValeurs nutritionnelles (pour 100g) : Energie (kJ/Kcal) 395/94 ; Matières grasses : 3,2g ; Gluci"
"4,49","3,61",Vinaigre Balsamique De Modène - 50cl,epicerie-salee,par La Bio Idea,"Prix au litre : 7,22€/LVinaigre balsamique de Modène, idéal pour agrémenter vos plats favoris. Ingrédients issus de l'agriculture biologique. Conteenance : 500ml.Ingrédients : Vinaigre de vin , moût de raisin concentré (sulfites), moût de raisin cuit (sulfites)Valeurs nutritionnelles (pour 100g) : Energie (kJ/Kcal) 560"
"2,39","1,83",Chocolat Noir bio 70% à la Fleur de Sel - 100g,epicerie-sucree,par Kaoka,Le chocolat noir et la fleur de sel ? Difficile de faire mieux pour accompagner le café de fin de repas le dimanche en famille ! L'équilibre entre le piquant du sel et l'amertume du chocolat noir est tout simplement parfait.
"3,50","2,53",Bols Mijoté De Légumes Poulet Quinoa (dès 12 mois) - 2x200g,produits-bebe,par Babybio,"Prix au kilo : 6,35€/kg2 bols ""Menu du jour"" Mitonné de légumes au poulet fermier et quinoa, pour les enfants de 12 mois et +. Ingrédients issus de l'agriculture biologique. Contenance : 2 x 200g.Ingrédients : Légumes 54% (carottes des Landes 32%, poivrons d'Espagne 10%, oignons d'Espagne , tomates de la Drôme 4%), eau"
"2,19","1,45",Cotons tiges biodegradables au coton bio - x200,beaute-hygiene,par Douce Nature,"Prix unitaire : 0,01€/unité Prenez soin de la planète en même temps que de de vos oreilles. Aveec des extrémités 100% coton bio et des tiges en papier blanchies à l'eau oxygénée et non pas au chlore, cest coton tige on un impact carbone minime. Soyez écolo jusqu'aux oreilles !200 pièces par boîteComposition : Extrémité"
"12,99","11,74",Huile de Massage Douceur - 200ml,produits-bebe,par Weleda,"Prix au litre : 58,75€/LHuile de massage douceur pour bébé. Au calendula et à la camomille. Calme et apaise avec douceur la peau de votre enfant. Flacon de 200 ml.Composition : Huile de sésame biologique, Huile d’amande douce biologique, Extrait de fleurs de calendula biologique, Extrait de fleurs de camomille biologiq"
"3,99","2,87",Papier Toilette compact recyclé - x4,vegan,par Ecodoo,"Pratiques, pas chers et écologiques, ces 4 rouleaux Ecodoo,équivalent à 12 rouleaux classiques ! Et en plus, vous préservez la planète en réduisant la production globale de déchets puisque ce papier toilette est à 100% issu de matières recyclables."
"3,69","2,60",Bouillie Crème De Riz (dès 4 mois) - 250g,produits-bebe,par Holle,"Prix au kilo : 10,4€/kgCrème de Riz Bio pour bébé, à partir de 4 mois. Boîte de 250 grammes.Ingrédients:Riz complet*, vitamine B1Valeurs nutritionelles ajoutées très bientôt"
"4,99","3,81",Lingettes Bébé Biodégradables - x40,produits-bebe,par Douce Nature,"Prix unitaire : 0,1€/unitéPaquet de 40 lingettes biodégradables certifiées Ecocert pour la peau de bébéComposition:extrait de Calendula* (hydratant), eau florale de Camomille* (calmante), huile essentielle 100% pure et naturelle de mandarine rouge*Ingrédients INCI:Water, Chamomilla Recutita Water*, Lauramidopropyl Beta"
"18,90","14,85",Couches Ecologiques T6/XXL (16-30kg) - x38,produits-bebe,par Tidoo,"Prix unitaire : 0,39€/unitéLes couches écologiques Tidoo sont hypoallergéniques et anti-fuites, elles préserveront bébé jusqu'à 12h ! Fabriqué en France. Pack de 38 couches. Taille 6-XXL 16-30 kg.Composition : 50% de matières premières biodégradables, Cellulose ou pulpe de bois FSC© issue à 100% de fibres de source res"
"13,15","10,52",Soin colorant 030 - 100% Rouge - 100g,vegan,par Logona,"Prix au kg : 105,2€/kgFort de son expérience, le laboratoire Logona joue un rôle prépondérant parmi les laboratoires de cosmétique naturelle contrôlée et propose une gamme de cosmétiques reconnus pour leur qualité: des shampoings naturels aux soins anti-âge, en passant par l'après-soleil, les dentifrices ou les produit"
"13,15","10,52",Soin colorant 030 - 100% Rouge - 100g,beaute-hygiene,par Logona,"Prix au kg : 105,2€/kgFort de son expérience, le laboratoire Logona joue un rôle prépondérant parmi les laboratoires de cosmétique naturelle contrôlée et propose une gamme de cosmétiques reconnus pour leur qualité: des shampoings naturels aux soins anti-âge, en passant par l'après-soleil, les dentifrices ou les produit"
"12,90","10,32",Spray Coiffant spécial brushing au Bambou - 150mL,beaute-hygiene,par Logona,"Prix au litre : 68,8€/litre Le spray coiffant « spécial brushing », avec son extrait fortifiant de bambou, a été conçu spécialement pour sculpter les cheveux par un brushing des cheveux humides. La formule protège également les cheveux, qui sont très sollicités par le brossage et le sèche-cheveux. Composition : Aqua (W"
"13,15","10,52",Soin colorant 020 - 100% Sahara - 100g,beaute-hygiene,par Logona,"Prix au kg : 105,2€/kgFort de son expérience, le laboratoire Logona joue un rôle prépondérant parmi les laboratoires de cosmétique naturelle contrôlée et propose une gamme de cosmétiques reconnus pour leur qualité: des shampoings naturels aux soins anti-âge, en passant par l'après-soleil, les dentifrices ou les produit"
"13,15","10,52",Soin colorant 070 - 100% Marron - 100g,beaute-hygiene,par Logona,"Prix au kg : 105,2€/kgFort de son expérience, le laboratoire Logona joue un rôle prépondérant parmi les laboratoires de cosmétique naturelle contrôlée et propose une gamme de cosmétiques reconnus pour leur qualité: des shampoings naturels aux soins anti-âge, en passant par l'après-soleil, les dentifrices ou les produit"
"11,29","8,22",Lait autobronzant corps - 150ml,beaute-hygiene,par Lavera,"Prix au litre : 54,8€/litreProtégez-vous du soleil naturellement avec le Lait après-soleil de Lavera!Il confère à la peau un soin intensif et équilibrant après le bain de soleil. Il prend soin de la peau grâce aux huiles bio de soja, de graines de tournesol, de noix de coco et au beurre de karité, qui le compose.Du gel"
"13,15","10,52",Soin colorant 101 - 100% Noir Intense - 100g,beaute-hygiene,par Logona,"Prix au kg : 105,2€/kgFort de son expérience, le laboratoire Logona joue un rôle prépondérant parmi les laboratoires de cosmétique naturelle contrôlée et propose une gamme de cosmétiques reconnus pour leur qualité: des shampoings naturels aux soins anti-âge, en passant par l'après-soleil, les dentifrices ou les produit"
"10,90","8,72",Shampoing Hydratant à l'Aloé vera - 250ml,beaute-hygiene,par Logona,"Prix au litre : 34,9€/litreAdapté aux cheveux agressés et sur-sollicités ce shampooing soin à l’aloès leur redonne souplesse et douceur tout en protégeant la tige capillaire. Hydratés et protégés, les cheveux sont souples et irrésistiblement doux au toucher.Ingrédients actifs : Jus d’aloe vera (hydrate et nourrit inten"
"10,60","8,48",Shampoing à la Caféine - Age Energy - 250ml,beaute-hygiene,par Logona,"Prix au litre : 33,9€/litreUne formule enrichie en aloe vera bio, en grenade bio et en huile de graines de bardane bio, qui apportent un soin supplémentaire et stimulent la repousse des cheveux fins et clairsemés.Actifs : . Extrait de feuilles de bambou : Riche en silice, le bambou apporte des minéraux aux cheveux pour"
"10,60","8,48",Shampoing Purifiant à la Mélisse - 250ml,beaute-hygiene,par Logona,"Prix au litre : 33,9€/litreCe shampoing normalisant est destiné aux cheveux gras. A base de bétaïne végétale, de protéine de soie, de son de blé et de mélisse bio, il normalise la sécrétion de sébum. Avec les meilleures bases lavantes existantes obtenues après plus de 2 ans de recherche, les nouvelles formules des sham"
"11,80","9,44",Après-shampoing aux protéines de blé - 200mL,beaute-hygiene,par Logona,"Prix au litre : 47,2€/litreL'après-shampooing aux protéines de blé est le soin quotidien de vos cheveux. Il les lisse, les fait briller, et facilite leur démêlage sans les alourdir. Votre chevelure retrouve son mouvement naturel. Le complexe de soins phyto-cosmétique de l'après-shampooing aux protéines de blé vitalise "
"8,29","5,87",Lait après-soleil - 200ml,beaute-hygiene,par Lavera,"Prix au litre : 39,1€/litreProtégez-vous du soleil naturellement avec le Lait après-soleil de Lavera!Il confère à la peau un soin intensif et équilibrant après le bain de soleil. Il prend soin de la peau grâce aux huiles bio de soja, de graines de tournesol, de noix de coco et au beurre de karité, qui le compose.Du gel"
"9,80","7,84",Shampoing Brillance à l'Ortie - 250ml,beaute-hygiene,par Logona,"Prix au litre : 31,4€/litre Le shampooing brillance à l'ortie de Logona est destiné à tous types de cheveux. A base d'ortie bio, d'extrait de son de blé et de glycérine végétale, il procurera brillance et vitalité aux cheveux de toute la famille. Avec les meilleures bases lavantes existantes obtenues après plus de 2 an"
"13,15","10,52",Soin colorant 050 - 100% Acajou - 100g,beaute-hygiene,par Logona,"Prix au kg : 105,2€/kgFort de son expérience, le laboratoire Logona joue un rôle prépondérant parmi les laboratoires de cosmétique naturelle contrôlée et propose une gamme de cosmétiques reconnus pour leur qualité: des shampoings naturels aux soins anti-âge, en passant par l'après-soleil, les dentifrices ou les produit"
"13,15","10,52",Soin colorant 060 - 100% Noisette cuivrée - 100g,beaute-hygiene,par Logona,"Prix au kg : 105,2€/kgFort de son expérience, le laboratoire Logona joue un rôle prépondérant parmi les laboratoires de cosmétique naturelle contrôlée et propose une gamme de cosmétiques reconnus pour leur qualité: des shampoings naturels aux soins anti-âge, en passant par l'après-soleil, les dentifrices ou les produit"
"5,29","3,69",Shampoing Protection Couleur et Soin - 250ml,vegan,par Lavera,"Prix au litre : 14,8€/litre Découvrez le Shampooing protection couleur &amp; soin : Une formule qui apporte des nutriments aux cheveux et qui les lave de manière naturelle pour protéger leur couleur tout en les régénérant. Les produits de la ligne Protection de la couleur &amp; Soin ont été enrichis de cranberry bio et"
"11,50","8,53",Crème réparatrice 70% Aloé Véra bio équitable - 150ml,vegan,par Pur'Aloé,"Rien de mieux que l’aloé vera pour réparer les différents problèmes de peau, tels que les plaies superficielles, les rougeurs, les irritations, la sécheresse, les gerçures... C'est un remède connu depuis des millénaires"
"13,15","10,52",Soin colorant 020 - 100% Sahara - 100g,vegan,par Logona,"Prix au kg : 105,2€/kgFort de son expérience, le laboratoire Logona joue un rôle prépondérant parmi les laboratoires de cosmétique naturelle contrôlée et propose une gamme de cosmétiques reconnus pour leur qualité: des shampoings naturels aux soins anti-âge, en passant par l'après-soleil, les dentifrices ou les produit"
"11,29","8,22",Lait autobronzant corps - 150ml,vegan,par Lavera,"Prix au litre : 54,8€/litreProtégez-vous du soleil naturellement avec le Lait après-soleil de Lavera!Il confère à la peau un soin intensif et équilibrant après le bain de soleil. Il prend soin de la peau grâce aux huiles bio de soja, de graines de tournesol, de noix de coco et au beurre de karité, qui le compose.Du gel"
"13,15","10,52",Soin colorant 070 - 100% Marron - 100g,vegan,par Logona,"Prix au kg : 105,2€/kgFort de son expérience, le laboratoire Logona joue un rôle prépondérant parmi les laboratoires de cosmétique naturelle contrôlée et propose une gamme de cosmétiques reconnus pour leur qualité: des shampoings naturels aux soins anti-âge, en passant par l'après-soleil, les dentifrices ou les produit"
"10,60","8,48",Shampoing à la Caféine - Age Energy - 250ml,vegan,par Logona,"Prix au litre : 33,9€/litreUne formule enrichie en aloe vera bio, en grenade bio et en huile de graines de bardane bio, qui apportent un soin supplémentaire et stimulent la repousse des cheveux fins et clairsemés.Actifs : . Extrait de feuilles de bambou : Riche en silice, le bambou apporte des minéraux aux cheveux pour"
"13,15","10,52",Soin colorant 101 - 100% Noir Intense - 100g,vegan,par Logona,"Prix au kg : 105,2€/kgFort de son expérience, le laboratoire Logona joue un rôle prépondérant parmi les laboratoires de cosmétique naturelle contrôlée et propose une gamme de cosmétiques reconnus pour leur qualité: des shampoings naturels aux soins anti-âge, en passant par l'après-soleil, les dentifrices ou les produit"
"10,90","8,72",Shampoing Hydratant à l'Aloé vera - 250ml,vegan,par Logona,"Prix au litre : 34,9€/litreAdapté aux cheveux agressés et sur-sollicités ce shampooing soin à l’aloès leur redonne souplesse et douceur tout en protégeant la tige capillaire. Hydratés et protégés, les cheveux sont souples et irrésistiblement doux au toucher.Ingrédients actifs : Jus d’aloe vera (hydrate et nourrit inten"
"8,80","6,77",Crème de Jour 67% Aloé Véra bio équitable - 50ml,vegan,par Pur'Aloé,"La crème de jour Pur'Aloé est à utiliser tous les jours pour raffermir la peau et affiner la ligne et les contours de votre visage grâce à son effet tenseur et hydratant. Avec ce soin régulier, votre peau est toujours souple et fine"
"4,99","3,73",Après-shampoing Protection et Soin - 200ml,vegan,par Lavera,"Prix au litre : 18,7€/litreDécouvrez l'Après-shampooing protection et soin: Une Formule enrichie en rose bio et de protéine de pois qui cible les cheveux secs tout en renforçant la structure du cheveu! Produit Vegan et certifié Natrue. Conseils d'utilisation :Appliquer sur cheveux mouillés, faire mousser en effectuant "
"3,79","2,77",Mix'Gom - 60g,sans-gluten,par Ma Vie Sans Gluten,"Prix au kilo : 46,17€/kg Mix'Gom, l'aide culinaire bio sans gluten pour pains et pâtisseries. Sachet de 60g. Fabrication française.Ingrédients : Psyllium blond (Plantago ovata), Gomme d’acacia (Acacia senegal)Valeurs nutritionnelles (pour 100g) : Energie (kJ/Kcal) 53/13 ; Matières grasses : 0,1g ; Glucides : 1,7g ; Pro"
"3,69","2,60",Bouillie Crème De Riz (dès 4 mois) - 250g,sans-gluten,par Holle,"Prix au kilo : 10,4€/kgCrème de Riz Bio pour bébé, à partir de 4 mois. Boîte de 250 grammes.Ingrédients:Riz complet*, vitamine B1Valeurs nutritionelles ajoutées très bientôt"
"7,59","6,20",Gâteau Amandes Orange sans Gluten - 225g,sans-gluten,par Biscuiterie de Provence,"Prix au kilo : 27,6€/kgRetrouvez toutes les saveurs de l'amande dans ces délicieux gâteaux Bio sans gluten ! Goût : Orange. Conditionnement : étui de 225g.Ingrédients : sucre de canne , oeufs entiers , amandes 24%, orange 16%, jus concentré de citron , poudre de vanille Bourbon , pectine de fruit non amidéeValeurs nutr"
"5,10","3,82",Chocolat Noir Vegan au lait d'amande - 100g,sans-gluten,par Ikalia,"Prix au kilo : 38,25€/kgUn délicieux chocolat au lait, vegan et issu du commerce équitable ? Oui c'est possible ! Avec le chocolat Ikalia, vous consommez auprès d'un producteur engagé pour le respect de la Terre et des Hommes. Le cacao équitable du Pérou donne à ce chocolat un goût équilibré et onctueux. Vegan, sans gl"
"6,90","5,11",Flocons de quinoa - 500g,sans-gluten,par Priméal,"Prix au kilo : 10,22€/kgLes Flocons de quinoa bio sont constitués de grains de céréales entiers nettoyés et décortiqués puis cuits à la vapeur. La composition du quinoa est remarquable par sa grande quantité de protéines de haute qualité. Il renferme également du manganèse, du fer et du cuivre en proportion notable. Na"
"18,99","16,45",Lait Nourisson relais Optima 1 bio (0-6 mois) - 900g,sans-gluten,par Babybio,"Prix au kilo : 18,29€/kgBabybio 1 Optima participe dès les premiers mois à l'éducation nutritionnelle de votre bébé. De 0 à 6 mois. Lait origine France. Boite hermétique de 900g.Ingrédients : Lactosérum déminéralisé , huiles végétales (tournesol oléique , colza , tournesol ), maltodextrines de maïs , lait écrémé , phos"
"3,45","2,59",Pain au sarrasin sans gluten - 250g,sans-gluten,par Schnitzer,"Prix au kilo : 10,36€/kgUn succulent pain sans gluten au sarrasin. Ce pain sans gluten est très goûteux et est naturellement riche en fibres et en magnésium.Ingrédients : Levain naturel de sarrasin* (farine de sarrasin complète*, eau), eau, farine de maïs*, farine de soja*, farine de sarrasin complète*, graines de tour"
"4,25","3,18",Petits pains de campagne sans gluten - 240g,sans-gluten,par Nature & Cie,"Prix au kilo : 13,27€/kg4 Petits pains de campagne précuits sans lait, sans gluten et à faire chauffer au four. Ingrédients issus de l'agriculture biologique. Conditionnement : 240g.Ingrédients : Eau, amidon de maïs*, farine de riz blanc*, farine de sarrasin*, farine de millet*, amidon de manioc*, levure springer*, hui"
"3,50","2,53",Bols Mijoté De Légumes Poulet Quinoa (dès 12 mois) - 2x200g,sans-gluten,par Babybio,"Prix au kilo : 6,35€/kg2 bols ""Menu du jour"" Mitonné de légumes au poulet fermier et quinoa, pour les enfants de 12 mois et +. Ingrédients issus de l'agriculture biologique. Contenance : 2 x 200g.Ingrédients : Légumes 54% (carottes des Landes 32%, poivrons d'Espagne 10%, oignons d'Espagne , tomates de la Drôme 4%), eau"
"3,50","2,53",Bols Menu Pot au feu Boeuf Fermier (dès 12 mois) - 2x200g,sans-gluten,par Babybio,"Prix au kilo : 6,35€/kgUn délicieux pot au feu de boeuf d’Aquitaine Babybio pour vos enfants dès 12 mois. Ingrédients issus de l'agriculture biologique. Contenance : 2 x 200g.Ingrédients : Légumes 68% (carottes des Landes 23%, pommes de terre du Val de Loire 19%, panais du Val de Loire 15%, navets de Provence 5%, poire"
"3,50","2,42",Bols Patate Douce (dès 8 mois) - 2x200g,sans-gluten,par Babybio,"Prix au kilo : 9,35€/kg2 Bols Patates Douces Légumes du soleil. Dès 8 mois. Ingrédients issus de l'agriculture biologique. Contenance : 2 x 200gIngrédients : Légumes 84,5% (patates douces d'Espagne 38%, carottes des Landes 25%, poivrons d'Espagne 9%, oignons d'Espagne , purée de tomates d'Italie 5%), eau de cuisson, ri"
"7,59","6,20",Gâteau Amandes Chocolat sans Gluten - 225g,sans-gluten,par Biscuiterie de Provence,"Prix au kilo : 27,6€/kgRetrouvez toutes les saveurs de l'amande dans ces délicieux gâteaux Bio sans gluten ! Goût : Chocolat. Conditionnement : étui de 225g.Ingrédients : sucre de canne , amandes 30%, oeufs entiers , beurre de baratte , cacao 4%, poudre de vanille BourbonValeurs nutritionelles ajoutées très bientôt"
"5,10","3,82",Chocolat noir Vegan 70% Cranberry Myrtille et Goji - 100g,sans-gluten,par Ikalia,"Prix au kilo : 38,25€/kg Un chocolat noir aux superfruits pour vous donner un boost d'énergie. Le magnésium du cacao associé aux bienfaits de la canneberge, des myrtilles et des baies de goji pour un mélange détonant, acidulé et originalIngrédients : Pâte de cacao*; sucre de fleur de coco*: 22%; beurre de cacao*; baie "
"7,59","6,20",Gâteau Amandes sans Gluten - 225g,sans-gluten,par Biscuiterie de Provence,"Prix au kilo : 27,6€/kgRetrouvez toutes les saveurs de l'amande dans ces délicieux gâteaux Bio sans gluten ! Goût : nature. Conditionnement : étui de 225g.Ingrédients : sucre de canne , amandes 32%, oeufs entiers , beurre de baratte , poudre de vanille BourbonValeurs nutritionelles ajoutées très bientôt"
"18,49","15,50",Lait De Suite Relais Optima 2 bio (6-12 mois) - 900g,sans-gluten,par Babybio,"Prix au kilo : 17,23€/kgNouveau packaging, recette inchangée.Ingrédients : Maltodextrines de maïs , lait écrémé , huiles végétales de première pression à froid (tournesol oléique , colza ), lactose , concentré de minéraux du lait (calcium), minéraux : citrate de sodium, chlorure de magnésium, chlorure de potassium, lac"
"3,60","2,68",Pain Complet Riz & Graines de Tournesol Sans Gluten - 375g,sans-gluten,par Pural,"Prix au kilo : 7,15€/kg Le Pain complet aux graines de tournesol est un pain complet au seigle cuit au levain avec des céréales bio fraîchement moulues. Les + produit : . Certifié bio . Sans lactose . Riche en fibres . Idéal au petit-déjeuner ou au goûterIngrédients : Céréales* 53% (riz complet* fraichement concassé 38"
"5,99","4,74",Muesli au Sarrasin - 500g,sans-gluten,par Grillon d'or,"Prix au kilo : 9,5€/kgChoisissez le Muesli au Sarrasin de Grillon d'Or pour démarrer la journée avec un petit déjeuner sain et équilibré ! Sachet de 500g.Ingrédients : Flocons de sarrasin 38%, sirop de riz (extraits de riz , eau), pétales de sarrasin 10% (sarrasin 98%, sel), sarrasin soufflé 10%, miel , pommes , kasha "
"5,10","3,82",Chocolat blanc Cranberries sans gluten - 100g,sans-gluten,par Ikalia,"Prix au kilo : 38,25€/kgDégustez un chocolat blanc qui vaut vraiment le coup. Fini les ""galak"" aux additifs, avec Ikalia, vous avez l'assurance de déguster un chocolat blanc bio de qualité issu du commerce équitable, sublimé par la canneberge aciduléeIngrédients : chocolat blanc* 95% : sucre de canne roux* 45%, beurre "
"2,45","1,78",Gomme de Guar - 60g,sans-gluten,par Ma Vie Sans Gluten,"Prix au kilo : 29,67€/kgGomme de Guar: Un Epaississant à froid et à chaud, garanti sans gluten! Idéal pour vos coulis de fruits, bouillon de légumes, et autres sauces trop liquides! 60gIngrédients : Gomme de guar issue de l’agriculture biologique Valeurs nutritionelles ajoutées très bientôt"
"2,89","2,08",Spaghetti Maïs et Riz - 500g,sans-gluten,par Ma Vie Sans Gluten,"Prix au kilo : 4,17€/kg Des spaghetti à base de farine de mais et de riz avec une texture légère et savoureuse qui vous permettra de ravir la famille sans une once de gluten. Andiamo ! Attention, la cuisson des pâtes sans gluten est parfois délicate. Surtout ne remuez pas trop vos pâtes et respectez bien le temps indiq"
"2,39","1,87",Corn Flakes Glacés sans Gluten - 250g,sans-gluten,par Ma Vie Sans Gluten,"Prix au kilo : 7,52€/kgCéréales Corn Flakes Glacés SANS GLUTEN pour le petit déjeuner - Origine UE - Sachet de 250 g.Ingrédients : Maïs , sucre de canne roux , sel, amidon de maïs , stabilisant (gomme arabique), émulsifiant (lécithine de tournesol) Valeurs nutritionnelles (pour 100g) : Energie (kJ/Kcal) 1574/371 ; Mati"
"3,50","2,53",Petits pots Légumes Veau Fermier 8 mois - 2x200g,sans-gluten,par Babybio,"Prix au kilo : 6,33€/kgPetits pots Menu Légumes Veau Fermier. Pour l’éveil de Bébé aux saveurs naturelles, les ingrédients de tous les petits pots Babybio sont sélectionnés avec soin. Dès 8 mois. Contenance : 2x200g.Ingrédients : Légumes 78,5% (pommes de terre du Val de Loire 29,5%, carottes des Landes 26%, tomates de "
"3,45","2,39",Pain au sésame sans gluten - 250g,sans-gluten,par Schnitzer,"Prix au kilo : 9,56€/kgUn succulent pain sans gluten au sésame. Il est légèrement croquant en bouche et a un goût prononcé de noix. Il contient du sésame complet, particulièrement bénéfique, et est riche en calcium, en magnésium et en fibres. Il ne contient pas de gluten ni de lactose.Ingrédients : Levain naturel de sa"
"2,40","1,75",Thym en Feuilles - 15g,sans-gluten,par Cook,"Prix au kilo : 116,67€/kgLe Thym avec sa saveur légèrement piquante est un aromate indispensable en cuisine. Il est très utilisé en particulier dans la cuisine provençale où il donne une touche méditerranéenne. Cuisine provençcale, bouquet garni, sauces, farces...Ingrédients : Feuilles de thym issues de l'Agriculture B"
"2,60","2,09",Flocons d'avoine sans gluten - 500g,sans-gluten,par Grillon d'or,"Prix au kilo : 4,18€/kg Pour ceux qui veulent des céréales au petit déjeuner mais quand même éviter le gluten, ces flocons d'avoine sont faits pour vous ! Certifié bio et sans gluten, issu de l'agriculture biologique, naturellement riche en fibres et protéines. Sachet de 500gIngrédients : AvoineValeurs nutritionnelles "
"3,19","2,40",Bols Menu Haricots Verts Panais Et Blé (dès 12 mois) - 2x200g,sans-gluten,par Babybio,"Prix au kilo : 6€/kg2 bols ""Menu du soir"" Cassolette de Légumes Verts Blé, pour les enfants de 12 mois et +. 2 x 200 g.Ingrédients : Légumes 60% (haricots verts du Val de Loire 16%, panais du Val de Loire 15%, brocolis de Bretagne 12%, petits pois d'Espagne 12%, oignons d'Espagne ), eau de cuisson, blé d'Italie 7%, hui"
"2,99","2,14",Amarante - 500g,sans-gluten,par Priméal,"Prix au kilo : 4,28€/kgCéréales grains d'Amarante Bio - Sachet de 500 grammes.Ingrédients : AmaranteValeurs nutritionnelles (pour 100g) : Energie (kJ/Kcal) 1540/365 ; Matières grasses : 8,8g ; Glucides : 56,8g ; Protéines : 14,6g ;"
"4,49","3,24",Préparation pour pain bio au Sarrasin - 500g,sans-gluten,par Ma Vie Sans Gluten,"Prix au kilo : 6,5€/kgPréparation SANS GLUTEN pour pain bio au sarrasin - Origine France - Sachet de 500 g.Ingrédients : Farine de riz ½ complet , farine de sarrasin (26%), fécule de maïs , gomme de guar , sel marin Valeurs nutritionnelles (pour 100g) : Energie (kJ/Kcal) 1462/344 ; Matières grasses : 1,3g ; Glucides : "
"3,09","2,46",Menu Maïs doux et Poulet fermier (dès 8 mois) - 2x200g,sans-gluten,par Babybio,"Prix au kilo : 6,15€/kgPour l’éveil de Bébé aux saveurs naturelles, les ingrédients de tous les petits pots Babybio sont sélectionnés avec soin. Dès 8 mois. Contenance : 2x200g.Composition : Légumes* 76% (maïs doux d'Aquitaine* 36%, carottes des Landes* 28%, pommes de terre du Val de-Loire* 7%, oignons d'Espagne* 5%), "
"5,10","3,82",Chocolat au Lait à la fleur de sel de Guérande sans gluten - 100g,sans-gluten,par Ikalia,"Prix au kilo : 38,25€/kg Avec 70% de cacao bio, sans huile de palme, sans lécithine, le chocolat Ikalia à la Fleur de Sel allie engagement et saveur. Le cacao de qualité supérieure, issu du commerce équitable allié à une pointe de sel de Guérande bio donne à ce chocolat une note équilibrée. Le carton est 100% recyclabl"
"2,42","1,83",Sarrasin décortiqué - 500g,sans-gluten,par Priméal,"Prix au kilo : 3,66€/kgLe sarrasin décortiqué est naturellement sans gluten. Ingrédients : Sarrasin décortiqué* * Ingrédient issu d'agriculture biologiqueValeurs nutritionnelles (pour 100g) : Valeur énergétique : 1436 kJ soit 339 kcal, Protéines : 11.3 g, Glucides : 64.0 g dont sucres 0.8g, Lipides : 3.0 g dont saturés"
"3,30","2,53",Bols Aubergines Façon Moussaka Et Agneau Francais (dès 8 mois) - 2x200g,sans-gluten,par Babybio,"Prix au kilo : 6,35€/kgMoussaka d’Agneau aux aubergines agrémentée de thym et de parmesan. Dès 8 mois. Ingrédients issus de l'agriculture biologique. Contenance : 2 x 200g.Ingrédients : Légumes 73% (carottes des Landes , aubergines de Provence 14%, purée de tomates d'Italie 11%, oignons d'Espagne ), lait écrémé , viand"
"5,10","3,82",Chocolat noir 70% à la fleur de sel de Guérande sans gluten - 100g,sans-gluten,par Ikalia,"Prix au kilo : 38,25€/kgUn chocolat noir à la fleur de sel pas comme les autres. Vegan, sans gluten, équitable, fabriqué en France et... délicieux. Quand vous dégustez ce classique, vous vous engagez pour Ikalia, un producteur qui respecte la Terre et les Hommes et qui met la barre haute concernant la qualité de son ca"
"3,30","2,40",Bols Bonne Nuit Tendresse De Petits Légumes Et Riz (dès 12 mois) - 2x200g,sans-gluten,par Babybio,"Prix au kilo : 6€/kg2 bols ""Bonne nuit"" Tendresse de petits légumes riz, pour les enfants de 12 mois et +. 2 x 200 gr.Ingrédients : Légumes 64% (carottes des Landes 27%, poivrons d'Espagne 10%, potimarrons de la Drôme 10%, panais du Val de Loire 9%, oignons d'Espagne ), eau de cuisson, riz d'Italie 7%, huiles végétales"
"5,10","3,82",Chocolat noir Vegan 70% au sucre de fleur de coco - 100g,sans-gluten,par Ikalia,"Prix au kilo : 38,25€/kgUn chocolat noir vraiment pas comme les autres. En remplaçant le sucre de canne traditionnel par du sucre de fleur de coco, Ikalia a élaboré un délicieux chocolat à l'indice glycémique particulièrement bas. Et bien sûr, comme tous les chocolats Ikalia, il est issu du commerce équitable ! Ingrédi"
"1,00","0,81",Bioflan Café - 2x4g,sans-gluten,par Natali,"Prix au kilo : 82€/kgBio-flan saveur Cafe 2X1/4L Bio. Le bio flan permet de faire un entremet avec du lait ou du jus de soja. Non sucrées, à base d'agar-agar, les recettes de nos entremets s'adaptent pour toutes les personnes, tous les régimes et tous les goûts. Ils permettent d'allier plaisir et bienfaits : une délici"
"13,50","10,78",Gel hydratant 98% Aloé Véra bio équitable - 250ml,vegan,par Pur'Aloé,Ce gel permet une hydratation en profondeur de la peau et va donc lutter ainsi contre son vieillissement en éliminant les cellules mortes qui bouchent les pores de la peau et l'empêche de respirer.
"5,19","3,87",Macarons Amandes 38 % sans Gluten - 140g,sans-gluten,par Biscuiterie de Provence,"Prix au kilo : 27,64€/kg Les Macarons moelleux aux amandes BIO sont des délicieux biscuits, à déguster au dessert ou à l'heure du thé ou du café ! Sachet de 140g. Sans Gluten, sans lait.Ingrédients : Sucre de canne , amandes 38%, blancs d'oeufs , miel 3%, poudre de vanille BourbonValeurs nutritionelles ajoutées très bi"
"1,00","0,81",Bioflan Citron - 2x4g,sans-gluten,par Natali,"Prix au kilo : 117,14€/kgBio-flan saveur citron 2x1/4L Bio. Préparation en poudre pour faire soi-même des entremets citron avec du lait ou du jus végétal comme le jus de soja, jus d'avoine... Le BIO-FLAN est garanti sans adjonction de sucre, sans gluten et sans matière d’origine animale. Vous pouvez choisir vous-même l"
"8,50","5,95",Eponge De Konjac - 30g,vegan,par Lamazuna,"Quoi de mieux pour arriver au zéro déchet dans la salle de bain qu'une éponge 100% naturelle, vegan et que l'on peut jeter au compost ? L'éponge de Konjac est fabriquée à partir de racine de konjac en poudre et d'eau, c'est tout !"
"7,30","5,12",Brosse à dent écolo rechargeable medium - Framboise,vegan,par Lamazuna,Une brosse à dent zéro déchet ? Lamazuna l'a fait. Cette-ci a été conçu pour réduire au maximum l'impact sur l'environnement : le manche est fabriqué à partir de dérivés de ricin et de bioplastique et la tête est rechargeable et recyclable
"7,40","6,06",200g de Noix du Brésil en vrac,vegan,par Les Accents du Soleil,"Prix au kilo : 30,3€/kgLa Noix du Brésil vient originairement d’Amazonie où elle y poussaient naturellement. Elle a d'abord été découverte par les nombreuses tribus amazoniennes qui appréciait ses qualités nutritives. Aujourd'hui la noix d'Amazonie est plebiscitée, 500 ans plus atrd, pour ces mêmes qualités qui en font"
"5,19","4,19",Chili veggie 100% France - 670g,vegan,par ProSain,"Prix au kilo : 6,25€/kgRecette née de la fusion de la cuisine mexicaine et texane, légèrement relevée. Plat complet végétarien à base de légumes et de protéines de soja. Haricots rouges cultivés en France. Soja cultivé en France.Ingrédients : Tomate* 25%( pulpe *, concentré*), eau, haricots rouges réhydratés* 11%, cour"
"7,30","5,12",Brosse à dent écolo rechargeable medium - Sapin,vegan,par Lamazuna,Une brosse à dent zéro déchet ? Lamazuna l'a fait. Cette-ci a été conçu pour réduire au maximum l'impact sur l'environnement : le manche est fabriqué à partir de dérivés de ricin et de bioplastique et la tête est rechargeable et recyclable
"3,99","2,89",Penne au quinoa sans gluten - 250g,vegan,par Ma Vie Sans Gluten,"Prix au kilo : 11,56€/kg Des penne pas comme les autres à base de farine de riz et de quinoa. Ces pâtes sont très goutteuses et vont vous réconcilier avec les produits sans gluten. A consommer chaud accompagné d'huile d’olive, d’une noix de beurre, en gratin ou encore froid en salade. Attention, la cuisson des pâtes sa"
"6,40","5,20",200g de Noix de cajou grillée et salées en vrac,vegan,par Les Accents du Soleil,"Prix au kilo : 26€/kgCes noix de Cajou biologiques proviennent d'un producteur vietnamien respectant la cultivation traditionnelle de la noix. Une fois le fruit mur, il est seché au soleil pendant 2 jours, afin d’adoucir la coque avant de la casser et de recueillir la noix de cajou. Une fois séchées, le procédé traditi"
"9,90","6,95",Recharge 3 têtes de brosse à dents - Souple,vegan,par Lamazuna,Une brosse à dent zéro déchet ? Lamazuna l'a fait. Cette-ci a été conçu pour réduire au maximum l'impact sur l'environnement : le manche est fabriqué à partir de dérivés de ricin et de bioplastique et la tête est rechargeable et recyclable
"7,30","5,12",Brosse à dent écolo rechargeable souple - Jaune,vegan,par Lamazuna,Une brosse à dent zéro déchet ? Lamazuna l'a fait. Cette-ci a été conçu pour réduire au maximum l'impact sur l'environnement : le manche est fabriqué à partir de dérivés de ricin et de bioplastique et la tête est rechargeable et recyclable
"4,30","3,14",Tomates demi séchées en bocal - 190g,vegan,par Biorganica Nuova,"Prix au kilo : 16,53€/kgLes tomates semi séchées sont conservés dans un mélange d'huile. Produit travaillé à partir de matière première fraîche, récoltée dans les champs et travaillé après seulement 8 heures pour donner une saveur fraîche et intense.Ingrédients : Tomates semi séchées*, huile de graines de tournesol*, h"
"4,09","2,95",Couscous Du Soleil sans Gluten - 275g,vegan,par Ma Vie Sans Gluten,"Prix au kilo : 10,73€/kgLe Couscous du soleil Bio de Ma vie sans gluten est un savoureux plat oriental sain et ensoleillé. Le couscous est un plat typique berbère marocain, riche d'ingrédients sains, sans gluten et délicieux. A base de semoule de maïs, de riz blanc, de tomates, carottes, épices, cannelle, clous de giro"
"5,98","3,24",200g d'amandes mondées en vrac,vegan,par Les Accents du Soleil,"Prix affiché pour 200g en vrac. Prix au kilo : 16,2€/kg Pourquoi on aime les amandes mondées en vrac Les mêmes que les amandes en vrac mais sans la robe. Très prisées des sportifs, l'amande est une véritable source d'énergie ! Vous pourrez aussi l'utiliser pour vos desserts. Riches en acides gras mono-insaturés, les am"
"11,99","8,86",Gel Lavant hypoallergénique PH Neutre sans parfum - 1L,vegan,par Coslys,"Prix au litre : 8,9€/litreLe Gel Lavant Universel de Coslys, a un format économique et très pratique grâce à sa pompe et son format de 1L. Sa formule universelle permet de l'utiliser pour le corps, le visage, les cheveux et les mains. Testé dermatologiquement, ce gel respecte les peaux les plus fragiles. Il convient à "
"1,00","0,81",Bioflan Framboise - 2x4g,vegan,par Natali,"Prix au kilo : 102,5€/kgPréparation Bioflan en poudre pour entremets non sucrés saveur Framboise. 2 Sachets 1/4 Litre.Ingrédients : Amidon de maïs , arôme naturel , gélifiants: carraghénane, agar-agarValeurs nutritionnelles (pour 100g) : Energie (kJ/Kcal) 1316/315 ; Matières grasses : 0,1g ; Glucides : 76,8g ; Protéine"
"2,90","2,40",Couscous marocain - 300g,vegan,par Priméal,"Prix au kilo : 8€/kgDécouvrez ce plat traditionnel et original avec le Couscous Marocain 300g ! A consommer de préférence chaud, seul ou en accompagnement. Sachet de 300g. Parfumé en épices et aromates, ce couscous apporte toutes les saveurs et les couleurs de l’orient dans votre assiette. Composé de semoule de blé com"
"5,30","3,87",Pesto basilic vegan - 180g,vegan,par LaSelva,"Prix au kilo : 21,51€/kgPour les amoureux du basilic et de l'Italie, régalez-vous avec ce délicieux pesto vegan. Sans parmigiano mais avec un maximum de goût, plus de 60% de basilic et plus de 20% de pignons de pins, ce pesto en a fait chavirer plus d'unIngrédients : Basilic*60%, huile d’olive vierge extra*33%, pignons"
"1,79","1,26",Disques ovales à démaquiller au Coton bio - x50,vegan,par Douce Nature,"Prix unitaire : 0,03€/unité Pourquoi on aime A COMPLETER A COMPLETER A COMPLETER A COMPLETER A COMPLETER A COMPLETERComposition : 100 % coton textile Biologique Pourquoi on aime A COMPLETER A COMPLETER A COMPLETER"
"3,89","2,82",Minestrone toscana - 500g,vegan,par Autour Du Riz,"Prix au kilo : 5,64€/kgSoupe régionale italienne, la minestrone alla toscana est un classique qui contient un mélange de riz et légumineuses tous issus de l'agriculture biologique. Le riz complet italien est l'ingrédient phare de cette recette de minestroni purement italienne. 1 sachet pour 8 portions. Recette 100% ita"
"8,49","6,80",Farine de châtaigne - 500g,vegan,par Priméal,"Prix au kilo : 13,6€/kg Une farine sans gluten, obtenue à partir de châtaignes française bio solidaires. Priméal a sélectionné les meilleures châtaignes biologiques de France pour réaliser cette farine. Elle est obtenue à partie de variétés locales parfaitement triées et séchées sur clèdes au feu de bois (mais non fumé"
"1,75","1,36",Graine De Lin Brun - France - 250g,vegan,par Priméal,"Prix au kilo : 5,44€/kgGraines de Lin Brun - Origine France - Sachet de 250 g.Ingrédients : Graines de lin brun Valeurs nutritionnelles (pour 100g) : Energie (kJ/Kcal) 2056/492 ; Matières grasses : 34g ; Glucides : 34,2g ; Protéines : 19,5g ;"
"5,49","3,91",Seitan (protéine de blé) - 250g,vegan,par Lima,"Prix au kilo : 15,64€/kgSeitan (protéine de blé) LIMA 100 % bio. Spécialité à consommer en remplacement d'une viande. Bocal 250 g.Ingrédients : Eau, Gluten , Farine de froment T65 , Shoyu (Soja , Froment ,Eau, A.oryzae), Oignon , Poivre noir , Ail , GingembreValeurs nutritionnelles (pour 100g) : Energie (kJ/Kcal) 633/1"
"5,69","4,10",Crème hydratante au beurre de karité et amande - 150ml,vegan,par Lavera,"Prix au kilo : 27,3€/kg Soin hydratant doux et non compliqué pour le soin quotidien de la peau La crème riche hydrate intensément la peau sèche, la protège et lui confère une sensation particulièrement douce et souple.Ingrédients : Water (Aqua), Glycine Soja (Soybean) Oil*, Alcohol*, Glycerin, Butyrospermum Parkii (She"
"5,50","4,38",Dentifrice à l'Aloé Véra bio équitable - 75ml,vegan,par Pur'Aloé,"L’Aloe Vera est un puissant astringent (produit qui produit une crispation des muqueuses). Il permet de resserrer le tissu gingival, de se débarrasser des cellules mortes et de stimuler la circulation du sang dans les gencives."
"17,15","13,30",Liquide Vaisselle Citron Aloe Véra - 5L,vegan,par Ecover,"Prix au litre : 2,8€/L5L - Au citron et à l'aloé véraingrédients : Eau, Laurylsulfate de sodium, Alkyl polyglycoside C10-16, Chlorure de sodium, Acide citrique, Parfum, Limonène, Hydrolysat de protéines, Extrait d'Aloe barbadensis, Citral, 2-bromo-2-nitropropane-1,3-diol.Valeur pH: 4,5"
"2,29","1,80",Boisson au riz et cacao biologique - 1L,vegan,par The Bridge,"Cette boisson de riz enrichie en calcium est un excellent substitut au lait de vache ou de soja, sans cholestérol et 100% biologique."
"4,39","2,88",Terre de Sommières - 350g,vegan,par Ecodoo,"La Terre de Sommières, c'est le remède de grand-mère que peu de gens connaissent mais qui peut vous sauver un canapé ou un costume. Très facile à utiliser, totalement écologique et surtout très respectueuse des surfaces fragiles."
"3,89","2,97",Sésame grillé complet - 500g,vegan,par Markal,"Prix au kilo : 5,95€/kg Avec leur agréable goût de noisette, les graines de sésame complet grillé Markal peuvent se glisser dans de multiples préparations sous forme de purée ""tahin"" pour assaisonner les sauces, salades, plats et desserts, sur les pains, les biscuits et confiseries.Sésame Complet - Origine Paraguay - S"
"2,49","1,90",12 Lingettes intimes 100% Coton Bio,vegan,par Natracare,"Prix unitaire : 0,2€ par unité Paquet de 12 lingettes intimes en Coton Bio, de la marque Natracare. Douces et testées dermatologiquement, elles sont spécialement conçues pour que les femmes puissent les utiliser dans le cadre de leur hygiène intime quotidienne, notamment pendant les règles ; elles sont particulièrement"
"2,99","2,34",Twibio fourrés aux Fraises - 150g,vegan,par Le Moulin du Pivert,"Prix au kilo : 15,67€/kgTwibio fourrés aux Fraises. Riches en fruits, pauvres en lipides. 6 sachets fraîcheur individuels. Garantis sans OGM, sans huile de palme. Poids : 150g.Ingrédients : Fourrage fruit 40% (purée de pomme , sucre de canne non raffiné , sirop de blé , purée de fraises 20%, jus de citron concentré , a"
"11,49","7,95",Déodorant naturel en Stick Rose-vanille - 92g,vegan,par Schmidts,"Prix au kg : 86,4€/kg Pourquoi on aime le déodorant en stick Schmidt's senteur Rose-Vanille Le déodorant naturel vraiment efficace est enfin là ! Avec son parfum Rose-Vanille chic et féminin, ces ingrédients 100% naturels et son format stick recyclable et pratique, il va être le nouveau meilleur allié de votre geste fr"
"3,89","2,81",Mezzi Rigatoni multicéréales sans gluten - 500g,vegan,par Ma Vie Sans Gluten,"Prix au kilo : 5,63€/kg De beaux Rigatoni pour égayer vos pâtes bien garnies de sauce ou vos gratins familiaux. Le tout sans gluten mais avec 5 farines de céréales différentes : du maïs, du riz blanc et complet, du sarrasin ainsi que du quinoa pour un goût incomparable. Ravira les petits et les grands ! Attention, la c"
"4,50","3,15",Oriculi - Cure oreille Zero Dechet,vegan,par Lamazuna,"Avec lui, vous allez remplacer des centaines de coton-tiges qui auraient fini dans les décharges ou avalés par les tortues ! Au Japon et en Chine, il est déjà utilisé depuis des siècles par toute la population."
"5,99","4,44",Lessive Laine et Linge Délicat Lavande - 1L,vegan,par Ecover,"Prix au litre : 4,44€/LPrend soin tout en douceur de votre linge délicat. Senteurs de champs de lavande de la Provence.Ingrédients: Aqua, Alcohol denat.,C12-14 PARETH-12, Sodium lauryl sulfate, Sodium citrate,Potassium oleate, Sodium chloride, Lauryl glucoside, Parfum, Limonene, Citric acid, Linalool."
"2,30","1,74",Graine De Lin Doré - France - 250g,vegan,par Priméal,"Prix au kilo : 7€/kgGraines de Lin Doré - Origine France - Sachet de 250 g.Ingrédients : Graines de lin doré Valeurs nutritionnelles (pour 100g) : Energie (kJ/Kcal) 2056/492 ; Matières grasses : 34g ; Glucides : 34,2g ; Protéines : 19,5g ;"
"9,90","6,95",Recharge 3 têtes de brosse à dents - Moyen,vegan,par Lamazuna,Une brosse à dent zéro déchet ? Lamazuna l'a fait. Cette-ci a été conçu pour réduire au maximum l'impact sur l'environnement : le manche est fabriqué à partir de dérivés de ricin et de bioplastique et la tête est rechargeable et recyclable
"8,40","5,90",Dentifrice solide à la menthe poivrée - 20g,vegan,par Lamazuna,"Lamazuna et le zéro déchet, ça ne rigole pas. Ici, en plus du dentifrice solide qui permet d'économiser les horribles tubes dommageables pour l'environnement, le bâtonnet est lui-même compostable. La boîte en carton est également biodégradable."
"1,70","1,29",Coquillettes demi-complètes 100% France - 500g,vegan,par Priméal,"Prix au kilo : 2,59€/kg De La Fourche à l'assiette ces pâtes sont bien françaises. Ça commence par la récolte du blé dur qui est récolté en Camargue et dans le sud-ouest par un groupement d’agriculteurs et de coopératives pour pérenniser un modèle alternatif de production. Ensuite, le plus ancien fabricant de semoule, "
"3,58","2,50",200g de Graines de Courges en vrac,vegan,par Les Accents du Soleil,"Prix affiché pour 200g en vrac. Prix au kilo : 12,5€/kg Pourquoi on aime les graines de courge en vrac Graines de courge bio en vrac à déguster natures ou grillées en apéritif ou encore pour apporter une touche croquante à vos salades, mueslis, fromages blancs, pains maison ou soupes !Ingrédients : graines de courges d"
"5,00","3,50",Quinoa Real Blanc - 500g,vegan,par Priméal,"Prix au kilo : 6,22€/kgCéréales grains de quinoa Bio - Boîte de 500 grammes.Ingrédients : Quinoa Réal Valeurs nutritionnelles (pour 100g) : Energie (kJ/Kcal) 1499/354 ; Matières grasses : 5,5g ; Glucides : 63,7g ; Protéines : 12,5g ;"
"11,49","7,95",Déodorant naturel en Stick Bergamote-citron - 92g,vegan,par Schmidts,"Le déodorant naturel vraiment efficace est enfin là ! Avec son parfum Bergamote-Citron, ces ingrédients 100% naturels et son format stick recyclable et pratique, il va être le nouveau meilleur allié de votre geste fraîcheur"
"5,29","3,69",Shampoing Hydratation et Soin - 250ml,vegan,par Lavera,"Prix au litre : 14,8€/litre Découvrez le Shampooing hydratation &amp; soin : Une formule enrichie de lait d'amande bio et d'aloe vera qui lave les cheveux tout en douceur et les régénère de manière naturelle, sans irriter le cuir chevelu! Produit certifié Natrue. VeganComposition : Water (Aqua), Sodium Coco-Sulfate, Gl"
"2,55","1,80",Haricots Azukis - 500g,vegan,par Priméal,"Prix au kilo : 3,62€/kgAzukis (haricots rouges d'Asie au goût très doux) - Origine Chine - Sachet de 500 g.Ingrédients : AzukisValeurs nutritionnelles (pour 100g) : Energie (kJ/Kcal) 1236/294 ; Matières grasses : 0,6g ; Glucides : 51,7g ; Protéines : 17,3g ;"
"11,80","9,44",Après-shampoing aux protéines de blé - 200mL,vegan,par Logona,"Prix au litre : 47,2€/litreL'après-shampooing aux protéines de blé est le soin quotidien de vos cheveux. Il les lisse, les fait briller, et facilite leur démêlage sans les alourdir. Votre chevelure retrouve son mouvement naturel. Le complexe de soins phyto-cosmétique de l'après-shampooing aux protéines de blé vitalise "
"18,99","14,89",Purée D'Amande Complète - 700g,vegan,par Jean Hervé,"Prix au kilo : 21,27€/kg Pourquoi on aime Jean Hervé ? Pionnier de la bio depuis 1976, Jean Hervé a 2 forces : une sélection rigoureuse des fruits secs via une vraie logique de filières ainsi qu'un processus de fabrication traditionnel pour conserver le goût ainsi que l'équilibre entre le respect des qualités nutrition"
"2,19","1,48",Sésame Complet - 250g,vegan,par Priméal,"Prix au kilo : 5,96€/kgSésame Complet - Origine Mali - Sachet de 250 g.Ingrédients : Sésame complet Valeurs nutritionnelles (pour 100g) : Energie (kJ/Kcal) 2395/573 ; Matières grasses : 49,6g ; Glucides : 23,4g ; Protéines : 17,7g ;"
"2,55","1,96",Pois Chiches - 500g,vegan,par Markal,"Prix au kilo : 3,92€/kgPois chiches issus de l'agriculture biologique (Label AB). Idéal en accompagnement, purée ou salade. Sachet de 500g.Ingrédients : Pois chichesValeurs nutritionnelles (pour 100g) : Energie (kJ/Kcal) 1412/336 ; Matières grasses : 5,9g dont acides gras saturés : 0,5g ; Glucides : 44,3g dont Sucres :"
"13,15","10,52",Soin colorant 060 - 100% Noisette cuivrée - 100g,vegan,par Logona,"Prix au kg : 105,2€/kgFort de son expérience, le laboratoire Logona joue un rôle prépondérant parmi les laboratoires de cosmétique naturelle contrôlée et propose une gamme de cosmétiques reconnus pour leur qualité: des shampoings naturels aux soins anti-âge, en passant par l'après-soleil, les dentifrices ou les produit"
"13,15","10,52",Soin colorant 050 - 100% Acajou - 100g,vegan,par Logona,"Prix au kg : 105,2€/kgFort de son expérience, le laboratoire Logona joue un rôle prépondérant parmi les laboratoires de cosmétique naturelle contrôlée et propose une gamme de cosmétiques reconnus pour leur qualité: des shampoings naturels aux soins anti-âge, en passant par l'après-soleil, les dentifrices ou les produit"
"9,90","7,92",Shampoing Reflets à la camomille - 250ml,vegan,par Logona,"Prix au litre : 31,7€/litreLe shampooing-crème au bambou de LOGONA apporte un vrai plus au soin des cheveux un peu ternes, fatigués, affaiblis. L'extrait de bambou donne du volume naturel et un nouveau ressort à votre chevelure. La protéine de soie lisse la fibre capillaire et facilite le démêlage. L'huile précieuse de"
"14,10","11,28",Spray hydratant à l'Aloe vera - 150mL,vegan,par Logona,"Prix au litre : 75,2€/litre Ce spray hydratant à l’aloès protège les cheveux des agressions extérieures et les rend naturellement plus doux au toucher. Son complexe d’actifs thermo-protecteur lutte contre le dessèchement des cheveux lié à l’utilisation d’appareils chauffants comme le sèche-cheveux ou le lisseur. Le coi"
"10,60","8,48",Shampoing Extra Riche au Bambon - 250ml,vegan,par Logona,"Prix au litre : 33,9€/litreLe shampooing reflets à la camomille LOGONA est le shampooing idéal pour les cheveux blonds. Ses extraits de plantes colorantes ravivent la couleur de vos cheveux. Son complexe phytocosmétique à l'extrait de calendula et de camomille de culture Bio, au son de blé et aux protéines de soie redo"
"14,05","11,24",Fluide sans rinçage à la Caféine Age Energy - 75mL,vegan,par Logona,"Prix au litre : 149,9€/litreCe soin capillaire sans rinçage donne du tonus aux racines et fortifie les pointes des cheveux sans les alourdir. Il s’applique sur cheveux secs ou essorés. Sa formule à la caféine et aux baies de goji aide les cheveux fins et dévitalisés à retrouver force et vigueur. Ingrédients actifs : Ca"
"13,15","10,52",Soin colorant 010 - 100% Blé doré - 100g,vegan,par Logona,"Prix au kg : 105,2€/kgFort de son expérience, le laboratoire Logona joue un rôle prépondérant parmi les laboratoires de cosmétique naturelle contrôlée et propose une gamme de cosmétiques reconnus pour leur qualité: des shampoings naturels aux soins anti-âge, en passant par l'après-soleil, les dentifrices ou les produit"
"8,29","5,87",Lait après-soleil - 200ml,vegan,par Lavera,"Prix au litre : 39,1€/litreProtégez-vous du soleil naturellement avec le Lait après-soleil de Lavera!Il confère à la peau un soin intensif et équilibrant après le bain de soleil. Il prend soin de la peau grâce aux huiles bio de soja, de graines de tournesol, de noix de coco et au beurre de karité, qui le compose.Du gel"
"7,95","5,90",Gel intime - 250ml,vegan,par Coslys,"Prix au litre : 23,6€/litre Testé gynécologiquement, ce gel intime protège la flore vaginale et respecte l'équilibre naturel des muqueuses grâce à sa base lavante végétale et ses propriétés apaisantes des eaux florales bio de reine des prés et de rose.Sans savon ni antiseptique, il a été spécialement formulé à un pH de"
"9,90","7,92",Shampoing Color Reflex au Henné - 250ml,vegan,par Logona,"Prix au litre : 31,7€/litreCe shampoing réhausse l’éclat des cheveux de couleur auburn, prolonge l’éclat et la brillance d'une coloration.Composition: Aqua (water), alcohol denat.*, coco-glucoside, glycerin, disodium cocoyl glutamate, sodium cocoyl glutamate, sodium pca, glyceryl oleate, calendula officinalis flower ex"
"26,30","18,45",Cup Féminine - Taille 2,vegan,par Lamazuna,"Après avoir été utilisées près de 60 ans chez nos voisines scandinaves et outre-Atlantiques par les Canadiennes, voilà les fameuses coupes menstruelles (ou Cups Féminines) qui font enfin parler d'elles en France !"
"13,15","10,52",Soin colorant 090 - 100% Chataîgne - 100g,vegan,par Logona,"Prix au kg : 105,2€/kgFort de son expérience, le laboratoire Logona joue un rôle prépondérant parmi les laboratoires de cosmétique naturelle contrôlée et propose une gamme de cosmétiques reconnus pour leur qualité: des shampoings naturels aux soins anti-âge, en passant par l'après-soleil, les dentifrices ou les produit"
"15,65","12,52",Huile réparatrice à l'Inca Inchi - 75mL,vegan,par Logona,"Prix au litre : 166,9€/litreIssue de la synergie de 10 huiles végétales pures, cette huile capillaire nourrit, répare, protège et soigne le cheveux en profondeur pour les rendre soyeux et éclatants. Non grasse, elle se fond à la chevelure et laisse un délicat parfum envoûtant. Ingrédients actifs : Huile de pépins de ra"
"13,15","10,52",Soin colorant 091 - 100% Chocolat - 100g,vegan,par Logona,"Prix au kg : 105,2€/kgFort de son expérience, le laboratoire Logona joue un rôle prépondérant parmi les laboratoires de cosmétique naturelle contrôlée et propose une gamme de cosmétiques reconnus pour leur qualité: des shampoings naturels aux soins anti-âge, en passant par l'après-soleil, les dentifrices ou les produit"
"9,75","7,80",Shampoing Eclat et Vitalité au Calendula - 250ml,vegan,par Logona,"Prix au litre : 33,9€/litreLe shampooing éclat et vitalité Logona ravive et tonifie les cheveux ternes. Sa formule à base de calendula bio redonne de l'éclat, tandis que l'association d'arginine et de bétaïne naturelle redonne de l'énergie et hydrate les cheveux dévitalisés. Sa formule aux bases lavantes douces pour le"
"13,15","10,52",Soin colorant 040 - 100% Cuivre Flamme - 100g,vegan,par Logona,"Prix au kg : 105,2€/kgFort de son expérience, le laboratoire Logona joue un rôle prépondérant parmi les laboratoires de cosmétique naturelle contrôlée et propose une gamme de cosmétiques reconnus pour leur qualité: des shampoings naturels aux soins anti-âge, en passant par l'après-soleil, les dentifrices ou les produit"
"13,15","10,52",Soin colorant 092 - 100% Café - 100g,vegan,par Logona,"Prix au kg : 105,2€/kgFort de son expérience, le laboratoire Logona joue un rôle prépondérant parmi les laboratoires de cosmétique naturelle contrôlée et propose une gamme de cosmétiques reconnus pour leur qualité: des shampoings naturels aux soins anti-âge, en passant par l'après-soleil, les dentifrices ou les produit"
"7,99","6,10",Shiro Miso au riz et soja - 300g,vegan,par Lima,"Prix au kilo : 20,35€/kg Obtenu par fermentation naturelle courte dans des tonneaux de bois, comme le veut la tradition japonaise, ce shiro miso, ou miso blanc se conserve longtemps grâce à l'acide lactique naturel. Sans additifs ni de conservateurs artificiels. le miso est naturellement riche en protéines, minéraux et"
"13,15","10,52",Soin colorant 060 - 100% Noisette cuivrée - 100g,vegan,par Logona,"Prix au kg : 105,2€/kgFort de son expérience, le laboratoire Logona joue un rôle prépondérant parmi les laboratoires de cosmétique naturelle contrôlée et propose une gamme de cosmétiques reconnus pour leur qualité: des shampoings naturels aux soins anti-âge, en passant par l'après-soleil, les dentifrices ou les produit"
"9,90","7,92",Shampoing Color Reflex à la Noisette - 250ml,vegan,par Logona,"Prix au litre : 31,7€/litreLe shampooing reflets à la noisette de LOGONA est plus particulièrement destiné aux cheveux bruns à noirs. Aux extraits de plantes colorantes, au calendula bio, à la camomille bio, au son de blé et aux protéïnes de la soie, il réhausse et prolonge l'éclat des cheveux de couleur brun noisette,"
"2,89","2,15",Protège slip écologique ultra-fins - x22,vegan,par Natracare,"Les protège-slips ultra-fins de Natracare sont réalisés à partir de matières végétales et naturelles et ne contiennent aucune matière plastique ni aucune trace de parfum ou de chlore. Ils sont très absorbants, doux et laissent respirer. Leur forme offre un confort inégalé."
"8,25","6,60",Gel coiffant fixation souple au bambou Arginine - 50ml,vegan,par Logona,"Prix au litre : 132€/litreDonne une fixation souple aux cheveux. Il permet de modeler et structurer la coiffure et donne un nouveau ressort aux boucles. Pour faciliter le démêlage, lisser et fortifier les cheveux, nourrir les pointes ou fixer votre coiffure, LOGONA vous offre un large choix de produits spécifiques. Eff"
"5,10","3,82",Chocolat Noir Vegan au lait d'amande - 100g,vegan,par Ikalia,"Prix au kilo : 38,25€/kgUn délicieux chocolat au lait, vegan et issu du commerce équitable ? Oui c'est possible ! Avec le chocolat Ikalia, vous consommez auprès d'un producteur engagé pour le respect de la Terre et des Hommes. Le cacao équitable du Pérou donne à ce chocolat un goût équilibré et onctueux. Vegan, sans gl"
"10,60","8,48",Shampoing Réparation Intense au Ginkgo - 250ml,vegan,par Logona,"Prix au litre : 33,9€/litreShampoing réparateur ginkgo LOGONA spécialement conçu pour les cheveux abîmés (coloration, permanente, soleil, chlore). Il gaine et lisse leur structure, pour un effet brillance intense.Igrédients : Aqua (water), alcohol denat.*, coco-glucoside, glycerin, disodium cocoyl glutamate, sodium coc"
"10,60","8,48",Shampoing antipelliculaire au genévrier - 250ml,vegan,par Logona,"Prix au litre : 33,9€/litreLe shampooing équilibrant au genévrier de LOGONA est destiné au cuir chevelu sec et prédisposé aux pellicules.A base de genévrier, de romarin bio, d'ortie bio, d'extraits d'écorces de saule, de feuille de bouleau et de bourgeons de peuplier, il apaise le cuir chevelu irrité ou sec. Avec les m"
"14,05","11,24",Fluide sans rinçage à l'Argan - 75mL,vegan,par Logona,"Prix au litre : 149,9€/litreLe Fluide Sans Rincage Restructurant Logona donne de la brillance, de la douceur et de la souplesse à votre chevelure. Les cheveux abîmés ou cassés sont réparés avec ce fluide qui ne nécessite aucun rinçage. Très simple d'utilisation il fait disparaître les frisottis.Aqua (water), alcohol de"
"9,70","7,76",Baume extra-riche au Coco - 50ml,vegan,par Logona,"Prix au litre : 155,2€/litre Pour le soin des pointes desséchées, le baume au coco LOGONA lisse et nourrit les cheveux. Présentation : pot de 45 mlConseils d'utilisation :Massez les pointes de vos cheveux avec une noisette du baume au coco, laissez agir toute une nuit. Le matin enlevez le surplus avec un shampoing. Sur"
"10,99","8,10",Gel intime - 500ml,vegan,par Coslys,"Prix au litre : 16,2€/litre Testé gynécologiquement, ce gel intime protège la flore vaginale et respecte l'équilibre naturel des muqueuses grâce à sa base lavante végétale et ses propriétés apaisantes des eaux florales bio de reine des prés et de rose.Sans savon ni antiseptique, il a été spécialement formulé à un pH de"
"10,90","8,72",Shampoing Restructurant à l'argan - 250ml,vegan,par Logona,"Prix au litre : 34,9€/litre Inspiré des rituels de beauté orientaux, ce shampooing soin à l’huile d’argan nourrit et répare en profondeur les cheveux abîmés et cassants. Doux au toucher, ils rayonnent de brillance et de beauté. Avec les meilleures bases lavantes existantes obtenues après plus de 2 ans de recherche, les"
"12,50","10,00",Après-shampoing Brillance et réparation à l'Argan - 200mL,vegan,par Logona,"Prix au litre : 33,9€/litreL'après-shampoing brillance et réparation argan Logona nourrit et répare en profondeur les cheveux abîmés et cassants. L'Après Shampoing Brillance et Réparation Argan 200ml Logona a une action sur les cheveux secs, fatigués et cuirs chevelus sensibles.Ingrédients : Eau (filtrée par osmose inv"
"9,80","7,50",Crème équilibrante matifiante au thé vert - 50ml,vegan,par Lavera,"Prix au kilo : 149,94€/kg Pour un grain de peau affiné et un teint mat toute la journée : la Crème Equilibrante Matifiante de lavera à base de thé vert bio et de calendula bio hydrate parfaitement et atténue la brillance de la peau. Avec ses propriétés harmonisantes, elle régule l’excès de sebum pour un teint unifié. U"
"7,30","5,12",Brosse à dent écolo rechargeable souple - Framboise,vegan,par Lamazuna,Une brosse à dent zéro déchet ? Lamazuna l'a fait. Cette-ci a été conçu pour réduire au maximum l'impact sur l'environnement : le manche est fabriqué à partir de dérivés de ricin et de bioplastique et la tête est rechargeable et recyclable
"11,49","7,95",Déodorant naturel en Pot Bergamote-Citron - 56g,vegan,par Schmidts,"Le déodorant naturel vraiment efficace est enfin là ! Avec son parfum Bergamote-Citron, ces ingrédients 100% naturels et son format pot en verre recyclable, il va être le nouveau meilleur allié de votre geste fraîcheur du matin."
"4,40","2,26",200g de Graines de chia en vrac,vegan,par Les Accents du Soleil,"Prix affiché pour 200g en vrac. Prix au kilo : 11,3€/kg Pourquoi on aime les graines de chia en vrac Avec son apport nutritionnel très intéressant en fibres alimentaire et protéines (voir les valeurs nutritionnelles), les graines de chia bio en vrac font partie de ces super aliments à adopter ! Pour agrémenter céréales"
"9,50","6,93",Crème hydratante visage Basis à l'aloe vera - 50ml,vegan,par Lavera,"Prix au kilo : 138,6€/kg Cette crème hydrate intensément la peau et la protège des agressions extérieures. Ses actifs végétaux précieux confèrent un teint frais et une peau souple. La formule douce au jojoba bio et aloe vera bio maintient le taux d'hydratation de la peau et ainsi son équilibre naturel.Ingrédients : Wat"
"6,10","4,41",Gel nettoyant visage Basis Sensitiv - 125ml,vegan,par Lavera,"Prix au kilo : 35,28€/kg Soin hydratant doux et simple pour le soin quotidien de la peau Le Gel nettoyant de lavera nettoie la peau en profondeur et tout en douceur. Grâce aux actifs végétaux précieux, que sont la mélisse et la mauve biologiques, la texture rafraîchissante maintient l’équilibre naturel d’hydratation de"
"12,99","10,58",Copeaux de savon de Marseille - 1kg,vegan,par Ecodoo,"Prix au kilo : 10,58€/kg Pour faire votre propre lessive écologique, naturelle ET économique, découvrez les copeaux de Savon de Marseille d'Ecodoo sans parfum ni colorants. Ajoutés à quelques ingrédients comme le bicarbonate de soude, quelques cristaux de soude si votre eau est dure ainsi que de l'huile essentielle pou"
"5,10","3,82",Chocolat noir Vegan 70% Cranberry Myrtille et Goji - 100g,vegan,par Ikalia,"Prix au kilo : 38,25€/kg Un chocolat noir aux superfruits pour vous donner un boost d'énergie. Le magnésium du cacao associé aux bienfaits de la canneberge, des myrtilles et des baies de goji pour un mélange détonant, acidulé et originalIngrédients : Pâte de cacao*; sucre de fleur de coco*: 22%; beurre de cacao*; baie "
"12,00","9,40",200g de Noix de Macadamia en vrac,vegan,par Les Accents du Soleil,"Prix au kilo : 47€/kgLe macadamia fut découvert dans les années 1850 dans la forêt primaire tropicale australienne par 2 explorateurs qui lui donnèrent à l'arbre à noix le nom d'un de leur amis : Lord Macadam. Ces noix en vrac, originaires du Kenya, seront idéales en apéritif, au petit déjeuner dans vos bowls ou dans v"
"6,99","4,65",Pur soja non pasteurisé (Hatcho miso) - 300g,vegan,par Lima,"Prix au kilo : 15,53€/kgHatcho miso (miso pur soja) non pasteurisé LIMA 100 % bio. A consommer dans les vinaigrettes, légumes, potages, sauces, etc... 300 g.Ingrédients : Fèves de Soja , Eau, Sel Marin, Farine d'Orge grillé, Koji (Aspergillus oryzae)Valeurs nutritionnelles (pour 100g) : Energie (kJ/Kcal) 922/221 ; Mati"
"26,30","18,45",Cup Féminine - Taille 1,vegan,par Lamazuna,"Après avoir été utilisées près de 60 ans chez nos voisines scandinaves et outre-Atlantiques par les Canadiennes, voilà les fameuses coupes menstruelles (ou Cups Féminines) qui font enfin parler d'elles en France !"
"9,44","6,82",Shampoing Douche 2 en 1 aux Céreales - 750ml,vegan,par Coslys,"Prix au litre : 9,1€/litreCoslys vous garantit des produits fabriqués à partir d'ingrédients naturels ou d'origine naturelle (sans parfum de synthèse, sans OGM, sans test sur les animaux...). La gamme Coslys est destinée aux consommateurs soucieux de l'efficacité, de la sécurité et de la protection de l'environnement.L"
"2,89","2,08",Spaghetti Maïs et Riz - 500g,vegan,par Ma Vie Sans Gluten,"Prix au kilo : 4,17€/kg Des spaghetti à base de farine de mais et de riz avec une texture légère et savoureuse qui vous permettra de ravir la famille sans une once de gluten. Andiamo ! Attention, la cuisson des pâtes sans gluten est parfois délicate. Surtout ne remuez pas trop vos pâtes et respectez bien le temps indiq"
"9,20","6,00",200g de mélange de noix,vegan,par Les Accents du Soleil,"Prix au kilo : 30€/kg Un mélange de noix à base d'amandes mondées, de noisettes, de noix du Brésil ainsi que de beaux cerneaux de noix français. De l'Energie et des saveurs. Avec un apport en protéines important ainsi qu'un mélange des meilleures fruits secs, vous allez en raffoler. A consommer comme en-cas ou à l'apér"
"7,60","5,20",Olives noires de la Drôme - 220g,vegan,par Priméal,"Prix au kg : 23,6€/kgPréparation variété unique (l'anche) produite sous label, l'olive de la Drôme provençale est désamérisée et confite uniquement dans de la saumure pendant au minimum 6 mois. La saveur naturelle de l'olive est ainsi préservée. Ingrédients : olives noires*, eau, sel marin non raffiné. * Issues de l'ag"
"5,99","4,79",Dentifrice Sensitive - 75 ml,vegan,par Logona,"Prix au kilo : 63,87€/kg La Pâte dentifrice Sensitive offre un nettoyage et des soins particulièrement doux aux dents et aux gencives sensibles. L'hypersensibilité des dents résulte fréquemment des collets dentaires dénudés. Les canaux de la dentine sont découverts et les stimulations extérieures parviennent ainsi dire"
"2,99","2,13",Biscuits Matins bio aux 4 céréales et figues - 200g,vegan,par Bisson,"Prix au kilo : 10,65€/kgIdéal pour faire le plein d'énergie chaque matin, découvrez les biscuits Matin Bio 4 Céréales et Figues de Bisson. Dégustez ce délicieux biscuit multi-céréales à la pâte de figues (100% fruits),exclusivement au sucre de canne complet, sans œuf ni produit laitier (présence possible de traces) et "
"4,99","3,87",Gel lavant pour les mains à la pomme bio - 300ml,vegan,par Coslys,"Prix au litre : 12,9€/litreCoslys vous garantit des produits fabriqués à partir d'ingrédients naturels ou d'origine naturelle (sans parfum de synthèse, sans OGM, sans test sur les animaux...). La gamme Coslys est destinée aux consommateurs soucieux de l'efficacité, de la sécurité et de la protection de l'environnement."
"2,99","2,14",Amarante - 500g,vegan,par Priméal,"Prix au kilo : 4,28€/kgCéréales grains d'Amarante Bio - Sachet de 500 grammes.Ingrédients : AmaranteValeurs nutritionnelles (pour 100g) : Energie (kJ/Kcal) 1540/365 ; Matières grasses : 8,8g ; Glucides : 56,8g ; Protéines : 14,6g ;"
"3,49","2,51",Graine De Pavot - 250g,vegan,par Priméal,"Prix au kilo : 10,08€/kgGraines de Pavot - Origine Turquie - Sachet de 250 g.Ingrédients : Graines de Pavot Bleu Valeurs nutritionnelles (pour 100g) : Energie (kJ/Kcal) 2227/533 ; Matières grasses : 44,7g ; Glucides : 52,3g ; Protéines : 15,8g ;"
"12,59","8,73",Gel intime à l'Aloé Véra bio équitable - 250ml,vegan,par Pur'Aloé,Le gel intime à l'aloé vera permet de nettoyer dans le plus grand respect des zones sensibles grâce à sa formule sans savon. Ce gel respecte ainsi le délicat équilibre naturel de la flore intime en assurant douceur et fraîcheur.
"2,99","2,34",Twibio fourrés à la Myrtille - 150g,vegan,par Le Moulin du Pivert,"Prix au kilo : 15,67€/kgTwibio fourrés à la Myrtille. Riches en fruits, pauvres en lipides. 6 sachets fraîcheur individuels. Garantis sans OGM, sans huile de palme. Poids : 150g.Ingrédients : Fourrage fruit 40% (purée de pomme , sucre de canne non raffiné , sirop de blé , purée de myrtilles 20%, jus de citron concentré"
"7,30","5,12",Brosse à dent écolo rechargeable souple - Sapin,vegan,par Lamazuna,Une brosse à dent zéro déchet ? Lamazuna l'a fait. Cette-ci a été conçu pour réduire au maximum l'impact sur l'environnement : le manche est fabriqué à partir de dérivés de ricin et de bioplastique et la tête est rechargeable et recyclable
"11,59","8,44",Shampoing cheveux secs et abimés - 500ml,vegan,par Coslys,"Prix au litre : 16,9€/litreCoslys vous garantit des produits fabriqués à partir d'ingrédients naturels ou d'origine naturelle (sans parfum de synthèse, sans OGM, sans test sur les animaux...). La gamme Coslys est destinée aux consommateurs soucieux de l'efficacité, de la sécurité et de la protection de l'environnement."
"2,30","1,73",Tampon Normal au coton bio sans applicateur - x10,vegan,par Natracare,Les tampons Natracare Normal sont les seuls au monde à ce jour à être réalisés à 100% à partir de coton biologique certifié. Ils ne sont pas blanchis au chlore et ne contiennent aucune matière plastique ni aucune trace de parfum ou de chlore.
"5,10","3,82",Chocolat noir 70% à la fleur de sel de Guérande sans gluten - 100g,vegan,par Ikalia,"Prix au kilo : 38,25€/kgUn chocolat noir à la fleur de sel pas comme les autres. Vegan, sans gluten, équitable, fabriqué en France et... délicieux. Quand vous dégustez ce classique, vous vous engagez pour Ikalia, un producteur qui respecte la Terre et les Hommes et qui met la barre haute concernant la qualité de son ca"
"5,10","3,82",Chocolat noir Vegan 70% au sucre de fleur de coco - 100g,vegan,par Ikalia,"Prix au kilo : 38,25€/kgUn chocolat noir vraiment pas comme les autres. En remplaçant le sucre de canne traditionnel par du sucre de fleur de coco, Ikalia a élaboré un délicieux chocolat à l'indice glycémique particulièrement bas. Et bien sûr, comme tous les chocolats Ikalia, il est issu du commerce équitable ! Ingrédi"
"7,29","5,36",Lait Corps Exotique Vanille et Coco Bio - 200 ml,vegan,par Lavera,"Prix au kilo : 26,78€/kg Le Lait corps exotique à la noix de coco bio et aux extraits de vanille bio hydrate intensément les peaux normales à sèches.Ingrédients : Water (Aqua), Glycine Soja (Soybean) Oil*, Glycerin, Alcohol*, Isoamyl Laurate, Butyrospermum Parkii (Shea Butter)*, Glyceryl Stearate Citrate, Fragrance (Pa"
"0,92","0,62",200g de Graines de tournesol en vrac,vegan,par Les Accents du Soleil,"Prix affiché pour 200g en vrac. Prix au kilo : 3,1€/kg Pourquoi on aime les graines de tournesol en vrac Riches en en fer et en fibres, elles sont aussi source d’acide gras essentiel et de phytostérols, qui aident à éliminer le mauvais cholestérol. Les graines de tournesol sont une des meilleures sources de vitamine E "
"1,00","0,81",Bioflan Café - 2x4g,vegan,par Natali,"Prix au kilo : 82€/kgBio-flan saveur Cafe 2X1/4L Bio. Le bio flan permet de faire un entremet avec du lait ou du jus de soja. Non sucrées, à base d'agar-agar, les recettes de nos entremets s'adaptent pour toutes les personnes, tous les régimes et tous les goûts. Ils permettent d'allier plaisir et bienfaits : une délici"
"1,00","0,81",Bioflan Citron - 2x4g,vegan,par Natali,"Prix au kilo : 117,14€/kgBio-flan saveur citron 2x1/4L Bio. Préparation en poudre pour faire soi-même des entremets citron avec du lait ou du jus végétal comme le jus de soja, jus d'avoine... Le BIO-FLAN est garanti sans adjonction de sucre, sans gluten et sans matière d’origine animale. Vous pouvez choisir vous-même l"
"3,19","2,08",Quinoa Cuisiné Au Petits Légumes - 220g,vegan,par Priméal,"Prix au kilo : 9,5€/kgDoypack ""Quinoa cuisine aux petits légumes"" : Un délicieux plat cuisiné Bio, végératien et super pratique! La quantité est idéale pour un repas complet pour 1 personne ou pour 2 personnes si il s'agit d'un accompagnement. 220grComposition : Eau, quinoa* 23%, légumes* 20% (carottes*, poivrons rouge"
"9,99","7,63",Crème Mains 50% Aloé Véra bio équitable - 100ml,vegan,par Pur'Aloé,"Cette crème pour les mains associe l'aloé vera, l'huile de jojoba et l'huile d'amande douce. Le premier va venir hydrater, adoucir et protéger vos mimines. Les deux huiles vont nourrir votre peau."
"19,99","16,22",Purée D'Amande Blanche - 700g,vegan,par Jean Hervé,"Prix au kilo : 23,17€/kg Pourquoi on aime Jean Hervé ? Pionnier de la bio depuis 1976, Jean Hervé a 2 forces : une sélection rigoureuse des fruits secs via une vraie logique de filières ainsi qu'un processus de fabrication traditionnel pour conserver le goût ainsi que l'équilibre entre le respect des qualités nutrition"
"7,30","5,12",Brosse à dent écolo rechargeable medium - Jaune,vegan,par Lamazuna,Une brosse à dent zéro déchet ? Lamazuna l'a fait. Cette-ci a été conçu pour réduire au maximum l'impact sur l'environnement : le manche est fabriqué à partir de dérivés de ricin et de bioplastique et la tête est rechargeable et recyclable
"1,00","0,81",Bioflan Noix De Coco - 2x4g,vegan,par Natali,"Prix au kilo : 102,5€/kgBio-flan saveur Noix Coco 2X1/4L Bio. Le bio flan permet de faire un entremet avec du lait ou du jus de soja. Non sucrées, à base d'agar-agar, les recettes de nos entremets s'adaptent pour toutes les personnes, tous les régimes et tous les goûts. Ils permettent d'allier plaisir et bienfaits : un"
"13,50","9,39",Sérum Hydro Effect anti-pollution - 30ml,vegan,par Lavera,"Prix au kilo : 312,9€/kg Chaque jour, votre peau est exposée aux influences néfastes de l'environnement telles que la pollution de l'air par les particules fines, les gaz d'échappement et d'autres substances toxiques. Ces facteurs nuisent aux cellules de la peau et entravent le mécanisme de défense naturel. Pour garder"
"11,59","8,44",Shampoing Cheveux Gras - 500mL,vegan,par Coslys,"Prix au litre : 16,9€/litreCoslys vous garantit des produits fabriqués à partir d'ingrédients naturels ou d'origine naturelle (sans parfum de synthèse, sans OGM, sans test sur les animaux...). La gamme Coslys est destinée aux consommateurs soucieux de l'efficacité, de la sécurité et de la protection de l'environnement."
"10,29","7,39",Lessive en Poudre Universelle - 1.2kg,vegan,par Ecover,"Cette lessive s'utilise sur tout type de linge, blanc comme de couleur. Avec son délicat parfum de lavande, vos vêtements sentiront l'été toute l'année. Très efficace, même à 30°C!"
"9,44","6,82",Shampoing Douche 2 en 1 aux Fruits Rouges - 750ml,vegan,par Coslys,"Prix au litre : 9,1€/litreCoslys vous garantit des produits fabriqués à partir d'ingrédients naturels ou d'origine naturelle (sans parfum de synthèse, sans OGM, sans test sur les animaux...). La gamme Coslys est destinée aux consommateurs soucieux de l'efficacité, de la sécurité et de la protection de l'environnement. "
"3,99","2,47",Lait Amandes Cacao Bio sans gluten sans sucres ajoutés - 1L,vegan,par EcoMil,"Prix au litre : 2,48€/LLait d'Amandes Bio au Cacao 100% végétal ! A consommer chaud ou froid, à tout moment de la journée. Tetra Pak de 1L.Ingrédients : Eau, sirop d'agave , amandes (2,7%), cacao en poudre (1%), inuline (fibre d'agave ), sel, arôme naturel d'amandes , arôme naturel de cacao . Valeurs nutritionelles ajo"
"9,99","7,90",Crème Visage Intense 63% Aloé Véra bio équitable - 50ml,vegan,par Pur'Aloé,"C'est la version enrichie de la crème de jour, pour les peaux très sollicitées. En plus de l'aloé vera, vous y retrouverez également du beurre de karité, de l'huile de sésame, de l'huile de noix de macadamia, de l'extrait de carotte et de la cire de carnauba."
"4,15","3,25",Tampon Normal au coton bio avec applicateur biodégradable - x16,vegan,par Natracare,Les tampons Natracare sont les seuls au monde à ce jour à être réalisés à 100% à partir de coton biologique certifié. Ils ne sont pas blanchis au chlore et ne contiennent aucune matière plastique ni aucune trace de parfum ou de chlore.
"6,99","4,75",Savon Noir en pâte à l'huile de Lin - 1kg,vegan,par La Corvette,"Prix au kilo : 4,75€/kg Vous l'attendiez tous, voici le savon noir en pâte à l'huile de lin de La Corvette ! Il est fabriqué à l'ancienne, cuit en chaudrons. Il est parfait pour dégraisser les sols et autres surfaces et il permet même de décaper la peinture à l'huile et les tâches de goudrons. Le label Ecocert Ecodéter"
"3,59","2,74",Cookies Fourrés Fruits Rouges - 175g,vegan,par Le Moulin du Pivert,"Prix au kilo : 15,66€/kgBiscuits bio fourrés aux Fruits rouges, parsemés d'éclats de cassis. Garanti sans OGM, sans huile de palme. Fabriqué en France. 5 sachets fraîcheur. Poids net : 175g.Ingrédients : Fourrage fruit 37% (purée de pomme , sirop de blé , sucre de canne non raffiné , purée de fraise 10%, purée de framb"
"3,29","2,34",Lait Amandes Vanille Bio sans gluten - 1L,vegan,par EcoMil,"Prix au litre : 2,34€/LLait d'Amandes Bio à la Vanille 100% végétal ! A consommer chaud ou froid, à tout moment de la journée. Tetra Pak de 1L.Ingrédients : Eau, sirop d'agave , amandes (2,7%), inuline (fibre d'agave ), sel, arôme naturel de vanille , curcumaValeurs nutritionelles ajoutées très bientôt"
"4,29","3,42",Tampon Super au coton bio avec applicateur biodégradable - x16,vegan,par Natracare,Les tampons Natracare Super sont les seuls au monde à ce jour à être réalisés à 100% à partir de coton biologique certifié. Ils ne sont pas blanchis au chlore et ne contiennent aucune matière plastique ni aucune trace de parfum ou de chlore.
"0,99","0,70",Mini Barre à la Pomme - 25g,vegan,par Life Food,"Prix au kilo : 28€/kgSans fruits à coque, cette LIFEBAR MINI à la pomme est juteuse et rafraîchissante. Son goût généreux vous remplira de bonheur. Seulement à base de pomme, datte, graines de tournesol germées et cannelle. La barre idéale pour ceux qui doivent éviter le gluten et les fruits à coque. Les LIFEBAR MINI c"
"2,40","1,83",Tampon Super au coton bio sans applicateur - x10,vegan,par Natracare,Les tampons Natracare sont les seuls au monde à ce jour à être réalisés à 100% à partir de coton biologique certifié. Ils ne sont pas blanchis au chlore et ne contiennent aucune matière plastique ni aucune trace de parfum ou de chlore.
"3,59","2,89","Dentifrice Enfants à la menthe douce, 50 ml",vegan,par Logona,"Prix au kilo : 57,8€/kg Avec Logodent KIDS, se laver les dents devient un plaisir. Logodent KIDS est spécialement conçu pour les besoins des enfants. Une huile de menthe très douce parfume agréablement le gel, que des colorants végétaux rendent très ""appétissant"". Comme les enfants avalent parfois un peu de dentifrice "
"0,99","0,70",Mini Barre Au Chocolat - 25g,vegan,par Life Food,"Prix au kilo : 28€/kgAu vrai chocolat cru noir, cette barre énergétique ne contient que des dattes, des noix et une touche de vanille. Le meilleur booster énergétique naturel ! L’extase par le chocolat ! Merveilleusement euphorique ! La meilleure barre chocolatée de notre galaxie et même de l’univers entier. Les LIFEBA"
"5,29","3,82",Chocolat noir 70% de cacao et éclats de fèves de cacao sans gluten - 100g,vegan,par Ikalia,"Prix au kilo : 38,25€/kgAvec 70% de cacao bio, sans huile de palme, sans lécithine, le chocolat Ikalia aux éclats de fève de cacao, allie engagement et croquant. Le cacao ainsi que le sucre sont issus du commerce équitable. Les fèves de cacao donnent une légèreté et une note boisée à ce grand cru. Le carton est 100% re"
"4,89","3,63",Farine de lupin - 500g,vegan,par Priméal,"Prix au kilo : 7,26€/kgLa Farine de Lupin bio Priméal est riche en protéines et en fibres. Elle s’incorpore facilement dans vos préparations salées et sucrées qui peuvent alors rendre service à des végétariens et des sportifs. De couleur jaune, elle présente aussi l’avantage de diminuer la quantité d’œuf dans vos recet"
"3,49","2,68",Trio De Lentilles - 500g,vegan,par Priméal,"Prix au kilo : 5,36€/kgTrio de Lentilles Bio à base de lentilles vertes, roses et jaunes - Origine France - Sachet de 500 g.Ingrédients : Lentilles vertes , lentilles roses , lentilles jaunes décortiquée et huilée (huile de tournesol )Valeurs nutritionelles ajoutées très bientôt"
"3,99","3,00",Couscous Maïs Riz - 500g,vegan,par Priméal,"Prix au kilo : 6,02€/kg Ce délicieux couscous est réalisé avec 2 céréales naturellement sans gluten ! Enfin un peu de changement pour accompagner vos plats préférés. Se marie particulièrement avec des légumes sautés ou en ragoût mais aussi délicieux froid en taboulé. Bon appétit ! Conseils d'utilisation : verser 1 volu"
"4,99","3,62",Shampoing Fraicheur anti-cheveux gras - 250ml,vegan,par Lavera,"Prix au litre : 14,5€/litre Les cheveux sont différents d'une personne à une autre et requièrent des produits individuels. Un nettoyage doux et protecteur et des soins intenses sont la base du rituel quotidien!Le shampooing Fraîcheur &amp; Anti-cheveux gras est enrichi en citronnelle bio et de menthe bio. Cela permet d"
"6,39","4,64",Spray Dégraissant écologique - 500mL,vegan,par Ecodoo,"Ce dégraissant à four écologique va vous permettre de dissoudre rapidement les graisses, suies, goudrons des fours et inserts. Contrairement aux produits chimiques classiques, il ne contient ni ammoniaque, ni soude caustique, ni acides forts."
"9,90","7,92",Shampoing Reflets à la camomille - 250ml,beaute-hygiene,par Logona,"Prix au litre : 31,7€/litreLe shampooing-crème au bambou de LOGONA apporte un vrai plus au soin des cheveux un peu ternes, fatigués, affaiblis. L'extrait de bambou donne du volume naturel et un nouveau ressort à votre chevelure. La protéine de soie lisse la fibre capillaire et facilite le démêlage. L'huile précieuse de"
"3,39","2,44",Fécule De Maïs - 500g,sans-gluten,par Ma Vie Sans Gluten,"Prix au kilo : 4,88€/kgFécule de maïs 500gr: Permet de remplacer la farine de blé et contribue à la légèreté des textures de gâteaux. C’est aussi un excellent liant à chaud en veillant à délayer la fécule dans un liquide froid avant cuisson! Garantie sans Gluten. 500gIngrédients : Fécule de maïs issue de l’agriculture "
"2,99","2,29",Petits pots Petits Pois Maïs Riz (dès 6 mois) - 2x200g,sans-gluten,par Babybio,"Prix au kilo : 5,75€/kgUne recette pour un apport en sucres lents et des acides gras essentiels qui participent à la croissance. Dès 6 mois. Ingrédients issus de l'agriculture biologique. Contenance : 2 x 200g.Ingrédients : Légumes 58% (petits pois d'Espagne 25%, maïs doux d'Aquitaine 15%, oignons d'Espagne , brocolis "
"3,29","2,58",Sablés Framboise - 135g,sans-gluten,par Nature & Cie,"Prix au kilo : 19,19€/kgSablés framboise sans gluten. Ingrédients issus de l'agriculture biologique. Conditionnement : 135g.Ingrédients : Farine de maïs , amidon de maïs , huile de palme , sucre de canne , poudre de glucose , crunchies framboise 4%, arôme naturel , épaississant : gomme de guar , sel, émulsifiant : léci"
"3,50","2,71",Boisson à la noisette sans sucres - 1L,sans-gluten,par EcoMil,"Prix au kilo : 2,71€/kg Cette délicieuse Boisson bio aux Noisettes est élaborée à partir de noisettes déshydratées partiellement dégraissées, légères et faciles à digérer. Elle constitue une boisson saine et nutritive puisque la noisette apporte des protéines de haute qualité et est naturellement riche en acides gras m"
"1,19","0,79",Barre Aux Amandes - 40g,sans-gluten,par Pural,"Prix au kilo : 19,75€/kgUne combinaison d'amandes et de sucre de canne roux, alliant le goût et une texture croquante, raviront vos papilles ! La Barre aux Amandes Pural est idéal comme encas lors des petits creux de la journée. Sans gluten ni lactoseIngrédients : Amandes* (65 %), sirop de maltose* et sucre de canne* b"
"4,95","4,00",Muesli croustillant 6 fruits sans gluten et huile de palme - 500g,sans-gluten,par Favrichon,"Prix au kilo : 7,99€/kgMuesli croustillant 6 fruits (raisins, noix de coco, pommes, figues, amandes et bananes). Ingrédients issus de l'agriculture biologique. Sans gluten, sans huile de palme. Contenance : 500g. Ingrédients : Céréales* 48,8% (flocons d'avoine* complets 37,7%, riz* complet), fruits* 29% [raisins* 16% ("
"4,29","3,07",Galettes Quinoa Haricot Rouge - 2x100g,sans-gluten,par Ma Vie Sans Gluten,"Prix au kilo : 15,4€/kgGalettes Bio Quinoa &amp; Haricots rouges sans gluten. Prête en 3 minutes seulement ! Fabrication française. Barquettes de 100g x 2.Ingrédients : légumes cuisinés (tomates , oignons , huile de tournesol ), eau, haricots rouges (22%), quinoa (14%) (grain et farine précuite ) , oeufs frais , épaiss"
"3,99","2,96",Pain Aux 3 Cereales - 375g,sans-gluten,par Ma Vie Sans Gluten,"Prix au kilo : 7,92€/kgPain Bio aux 3 céréales SANS GLUTEN - Origine France - Sachet de 375 g.Ingrédients : céréales complètes (55%) (riz , millet ,maïs ), farine de riz blanche , eau, farine de lupin , épaississant : gomme de guar, sel, levureValeurs nutritionnelles (pour 100g) : Energie (kJ/Kcal) 849/200 ; Matières g"
"3,49","2,61",Lait d'amande au calcium - 1L,sans-gluten,par EcoMil,"Prix au litre : 2,61€/litre Le lait d’amande bio Ecomil au Calcium allie la douceur de l'amande avec les bienfaits du Calcium. Convient particulièrement au régime Vegan. Les laits ecomil se consomment tel que à tout moment de la journée, froids ou chauds, dans le thé ou le café. Vous pouvez aussi les utiliser dans vos "
"3,75","2,79",Torsades Maïs et Riz sans Gluten - 500g,sans-gluten,par Ma Vie Sans Gluten,"Prix au kilo : 5,58€/kg Pâtes Spirales Maïs et Riz SANS GLUTEN - Origine Italie - Sachet de 500 g.Ingrédients : Farine de maïs (70%), farine de riz blanche (30%) Valeurs nutritionnelles (pour 100g) : Energie (kJ/Kcal) 1444/340 ; Matières grasses : 0,9g ; Glucides : 76g ; Protéines : 7g ;"
"4,90","3,46",Sucre de coco bio - 250g,sans-gluten,par Maison du Coco,"Prix au kilo : 13,83€/kgLe sucre de noix de coco bio, tout comme l'huile de coco est multi-facette. Extraite à partir de la sève des fleurs de cocotier, il est naturel et sans additif. La sève cuite au feu de bois permet de conserver les bienfaits sans le sucre de coco et de garantir une saveur unique. Vous pouvez l'ut"
"4,49","3,28",Vermicelles de Riz Thai rouge - 240g,sans-gluten,par Autour Du Riz,"Prix au kilo : 13,71€/kg De magnifiques vermicelles de riz thaï rouge pour agrémenter vos pad thai, vos woks ou vos plats asiatiques. Un régale pour les régimes sans gluten et vegan!Ingrédients : Riz long complet, riz thaï rouge 30%, riz thaï complet, amidon de tapioca 100% issus de l'agriculture biologiqueValeurs nutr"
"2,30","1,38",Thé Froid Detox thé vert gingembre - 33cl,sans-gluten,par ChariTea,"Prix au litre : 4,18€/LL'infusion Thé vert ChariTea est préparée avec une touche de miel et du gingembre pour un rafraîchissement intense et immédiat. Le thé vert, tout droit venu du Sri Lanka, est agrémentée d'une note sucrée grâce au Miel. Le gingembre apporte une touche orientale à l'ensemble de cette boisson, idéal"
"3,29","2,40",Fusilli aux pois verts sans gluten - 250g,sans-gluten,par Ma Vie Sans Gluten,"Prix au kilo : 9,62€/kg Enfin des pâtes aux légumineuses savoureuses et légères. Grâce à une technique de fabrication spéciale, la couleur et les bienfaits des pois verts sont préservés dans ces fusillis 100% légumineuses ! Vous conservez aussi tous les apports nutritionnels des pois qui sont une source importante de p"
"3,69","2,79",Sablés Citron Et Graines De Chia - 150g,sans-gluten,par Ma Vie Sans Gluten,"Prix au kilo : 18,6€/kgSablés Citron et graines de chia 150g: Le chia est une graine originaire d’Amérique latine, réputée pour sa richesse en oméga 3 et appréciée pour son côté croquant. Ce biscuit vous surprendra par sa texture croustillante puis fondante! Garanti sans Gluten. 150gIngrédients : Farine de riz demi-com"
"2,59","1,91",Céréales cuisinées quinoa-millet haricots rouges légumes - 220g,sans-gluten,par Ma Vie Sans Gluten,"Prix au kilo : 8,68€/kgCéréales cuisinées quinoa-millet, haricots rouges légumes : Une association savoureuse, de deux céréales et d'une légumineuse, pour profiter de la complémentarité de leurs bienfaits! 220grINGREDIENTS :Légumes* (34%) (carottes*, courgettes*, poivrons rouges*, tomates*), eau, quinoa* (16%), millet*"
"16,99","13,81",Lait de Croissance bio (10-36 mois) - 900g,sans-gluten,par Babybio,"Prix au kilo : 15,34€/kgCe Lait de Croissance Bio permet d'apporter à bébé tout ce dont il a besoin pour bien grandir. Lait d'origine France. Dès 10 mois. Boite hermétique de 900g.Ingrédients : Maltodextrinesde maïs , lait écrémé , huiles végétales de première pression àfroid (tournesol oléique , colza ), lactose , con"
"1,49","1,03",Galettes de Maïs - 120g,sans-gluten,par Priméal,"Prix au kilo : 8,67€/kgGalettes de Maïs Bio. Origine UE - Sachet de 120 g.Ingrédients : Maïs , huile de germe de maïs , sel marin Valeurs nutritionnelles (pour 100g) : Energie (kJ/Kcal) 1648/388 ; Matières grasses : 1,5g ; Glucides : 85,2g ; Protéines : 8,5g ;"
"5,49","4,11",Trio De Quinoa Blanc Rouge Et Noir - 500g,sans-gluten,par Priméal,"Prix au kilo : 8,22€/kgCéréales grains de quinoa rouge, blanc et noir Bio - Sachet de 500 grammes.Ingrédients : Quinoa blanc , rouge , noir Valeurs nutritionnelles (pour 100g) : Energie (kJ/Kcal) 1440/341 ; Matières grasses : 6g ; Glucides : 59g ; Protéines : 12,5g ;"
"2,09","1,62",Boisson au riz et vanille biologique - 1L,sans-gluten,par The Bridge,Cette boisson de riz et vanille est saine et désaltérante et peut tout à fait être utiliser comme ingrédient dans la préparation de gâteaux. Elle est sans cholestérol et 100% biologique.
"3,49","2,67",Farine de Sarrasin Sans Gluten - 500g,sans-gluten,par Ma Vie Sans Gluten,"Prix au kilo : 5,36€/kg Farine de Sarrasin SANS GLUTEN - Origine France - Sachet de 500 g.Ingrédients : Farine de sarrasin Valeurs nutritionnelles (pour 100g) : Energie (kJ/Kcal) 1500/354 ; Matières grasses : 2,6g ; Glucides : 69,7g ; Protéines : 13g ;"
"8,99","6,48",Maxi Lot de Compotes Cool Fruits Pomme Banane - 12x90g,sans-gluten,par Vitabio,"Prix au kilo : 6€/kgCool Fruits Pomme-Banane : de délicieuses gourdes 100% fruits Bio pour accompagner les enfants dans toutes leurs activités ! Vendues par 12 gourdes de 90g. Fabrication française.Ingrédients : Pommes , bananes , jus d’acérolaValeurs nutritionelles ajoutées très bientôt"
"3,39","2,41",Tofu Nature Végan bio longue conservation 2x125g,sans-gluten,par Soy,"Prix au kilo : 9,68€/kg Le tofu est un caillé frais de « jus » de soja (ou Tonyu), élaboré à partir de graines de soja rigoureusement sélectionnées. Son goût neutre et sa texture souple lui permettent de s’adapter à de nombreuses préparations salées ou sucrées. Ingrédients : Eau, soja*, gélifiants : sulfate de Calcium,"
"4,45","3,40",Fusilli 100% Sarrasin sans Gluten - 500g,sans-gluten,par Ma Vie Sans Gluten,"Prix au kilo : 6,8€/kg Fusilli 100% Sarrasin Sans Gluten : Ingrédients issus de l'agriculture biologique UE, saveur sarrasin agréable et bien marquée. Sachet de 500g.Ingrédients : Farine de sarrasin issue de l’agriculture biologiqueValeurs nutritionnelles (pour 100g) : Energie (kJ/Kcal) 1485/350 ; Matières grasses : 1,"
"3,49","2,69",Farine de Riz demi Complet - 500g,sans-gluten,par Ma Vie Sans Gluten,"Prix au kilo : 5,38€/kgFarine de Riz Demi Complète SANS GLUTEN - Origine UE - Sachet de 500 g.Ingrédients : Farine de riz demi-complète Valeurs nutritionnelles (pour 100g) : Energie (kJ/Kcal) 1587/374 ; Matières grasses : 2,7g ; Glucides : 78,4g ; Protéines : 9,1g ;"
"3,59","2,40",Fusilli Lentilles Corail sans gluten - 250g,sans-gluten,par Ma Vie Sans Gluten,"Prix au kilo : 9,62€/kg Des fusilli pleins de couleur et de bonnes choses, 100% légumineuses et sans gluten. Grâce à une technique de fabrication spéciale, la couleur et les qualités des lentilles corail sont préservées. Vous conservez aussi tous les apports nutritionnels des lentilles corail qui sont une source import"
"1,09","0,61",Barre Aux Cranberries et Amandes - 40g,sans-gluten,par Pural,"Prix au kilo : 15,5€/kgLa Barre Canneberges et Amandes Pural est idéal comme encas lors des petits creux de la journée. La combinaison de cacahuètes, d'amandes, de raisins secs, de riz soufflé, de canneberges et de raisins secs alliant le goût et une texture croquante, raviront vos papilles !Ingrédients : Cacahuètes* ("
"8,99","6,48",Maxi Lot de Compotes Cool Fruits Pomme Fraise Myrtille - 12x90g,sans-gluten,par Vitabio,"Prix au kilo : 6€/kgCool Fruits Pomme-Fraise-Myrtille : de délicieuses gourdes 100% fruits Bio pour accompagner les enfants dans toutes leurs activités ! Vendues par 12 gourdes de 90g. Fabrication française.Ingrédients : Pommes , fraises , concentré de fruits (concentré de raisin , concentré de citron ), myrtilles , ju"
"3,95","2,90",Galettes Champignons Et Pois Chiches - 2x100g,sans-gluten,par Ma Vie Sans Gluten,"Prix au kilo : 14,55€/kg Galettes bio SANS GLUTEN aux champignons et aux pois chiches - Origine FranceIngrédients : légumes cuisinés (champignons de Paris (23 %), oignons , huile de tournesoldésodorisée , huile d’olive vierge ),eau, pois chiches (18 %), farine de maïs , oeufs frais , persil , amidon de maïs , gomme ara"
"4,99","4,01",Muesli sans Gluten - 500g,sans-gluten,par Grillon d'or,"Prix au kilo : 8,02€/kg Choisissez le Muesli sans Gluten Grillon d'Or pour démarrer la journée avec un petit déjeuner sain et équilibré ! Sachet de 500g.Ingrédients : Flocons de riz , raisins 16,2% (raisins , huile de tournesol ), flocons de quinoa , pétales de maïs , billettes de riz (riz , sel), tournesol , figues 4,"
"4,19","3,43",Tagliatelles Thaïes De Riz - 400g,sans-gluten,par Autour Du Riz,"Prix au kilo : 8,6€/kgDécouvrez ces Tagliatelles Thaïes de Riz 400g, à consommer natures ou assaisonnées et qui donneront à vos plats le goût de la gastronomie Thaïlandaise en un tour de main. . Faites tremper dans de l’eau froide les tagliatelles pendant 10 mn avant de les plonger dans un grand volume d'eau bouillante"
"2,50","1,81",Assiette Légumes À La Basquaise Et Poulet (dès 15 mois) - 260g,sans-gluten,par Babybio,"Prix au kilo : 6,96€/kgAssiette Poulet Basquaise Riz Dès 15 mois. Ingrédients issus de l'agriculture biologique. Contenance : 260g.Ingrédients : Légumes 58% (carottes des Landes , poivrons d'Espagne , purée de tomates d'Italie , oignons d'Espagne , pommes de terre du Val de Loire ), eau de cuisson, viande de poulet fer"
"2,49","1,82",Millet Décortiqué - France - 500g,sans-gluten,par Priméal,"Prix au kilo : 3,64€/kgCéréales Millet décortiqué Bio origine France - Sachet de 500 grammes.Ingrédients : Millet cultivé et décortiqué en FranceValeurs nutritionnelles (pour 100g) : Energie (kJ/Kcal) 1369/327 ; Matières grasses : 2.9g ; Glucides : 72,9g ; Protéines : 9,9g ;"
"1,00","0,81",Bioflan Noix De Coco - 2x4g,sans-gluten,par Natali,"Prix au kilo : 102,5€/kgBio-flan saveur Noix Coco 2X1/4L Bio. Le bio flan permet de faire un entremet avec du lait ou du jus de soja. Non sucrées, à base d'agar-agar, les recettes de nos entremets s'adaptent pour toutes les personnes, tous les régimes et tous les goûts. Ils permettent d'allier plaisir et bienfaits : un"
"3,99","2,47",Lait Amandes Cacao Bio sans gluten sans sucres ajoutés - 1L,sans-gluten,par EcoMil,"Prix au litre : 2,48€/LLait d'Amandes Bio au Cacao 100% végétal ! A consommer chaud ou froid, à tout moment de la journée. Tetra Pak de 1L.Ingrédients : Eau, sirop d'agave , amandes (2,7%), cacao en poudre (1%), inuline (fibre d'agave ), sel, arôme naturel d'amandes , arôme naturel de cacao . Valeurs nutritionelles ajo"
"3,49","2,59",Pain Complet Riz Sans Gluten - 375g,sans-gluten,par Pural,"Prix au kilo : 6,91€/kg Pain à base de riz complet, avec son germe et son péricarde. Les + produit : . Certifié bio . Sans lactose . Riche en fibres . Idéal au petit-déjeuner ou au goûterIngrédients : céréales* 60% (riz complet* fraichement concassé 39%, graines de millet* 8%, gruau de maïs complet* 8%, farine de riz c"
"3,29","2,34",Lait Amandes Vanille Bio sans gluten - 1L,sans-gluten,par EcoMil,"Prix au litre : 2,34€/LLait d'Amandes Bio à la Vanille 100% végétal ! A consommer chaud ou froid, à tout moment de la journée. Tetra Pak de 1L.Ingrédients : Eau, sirop d'agave , amandes (2,7%), inuline (fibre d'agave ), sel, arôme naturel de vanille , curcumaValeurs nutritionelles ajoutées très bientôt"
"3,50","2,53",Petits pots Petits pois Panais Courgette Veau (dès 6 mois) - 2x200g,sans-gluten,par Babybio,"Prix au kilo : 6,33€/kgPetits pots Petits pois Panais Courgette Veau. Fabriqué en France. Dès 6 mois. 2 x 200g.Ingrédients : Légumes 76% (petits pois d'Espagne 23%, panais du Val de Loire 22%, pommes de terre du Val de Loire , courgettes de Provence 15%), eau de cuisson, viande de veau fermier d'Aquitaine et du Limousi"
"3,09","2,29",Petits pots Carottes Potimarron et Riz (dès 6 mois) - 2x200g,sans-gluten,par Babybio,"Prix au kilo : 5,75€/kgUn délice de carotte et potimarron avec du riz pour un apport en sucres lents et des acides gras essentiels qui participent à la croissance. Dès 6 mois. Contenance : 2 x 200g.Ingrédients : Légumes 59,5% (carottes des Landes 38%, potimarrons de la Drôme 17%, oignons d'Espagne ), eau de cuisson, ri"
"3,19","2,08",Quinoa Cuisiné Au Petits Légumes - 220g,sans-gluten,par Priméal,"Prix au kilo : 9,5€/kgDoypack ""Quinoa cuisine aux petits légumes"" : Un délicieux plat cuisiné Bio, végératien et super pratique! La quantité est idéale pour un repas complet pour 1 personne ou pour 2 personnes si il s'agit d'un accompagnement. 220grComposition : Eau, quinoa* 23%, légumes* 20% (carottes*, poivrons rouge"
"0,99","0,70",Mini Barre à la Pomme - 25g,sans-gluten,par Life Food,"Prix au kilo : 28€/kgSans fruits à coque, cette LIFEBAR MINI à la pomme est juteuse et rafraîchissante. Son goût généreux vous remplira de bonheur. Seulement à base de pomme, datte, graines de tournesol germées et cannelle. La barre idéale pour ceux qui doivent éviter le gluten et les fruits à coque. Les LIFEBAR MINI c"
"3,19","2,31",Petits Pots Mouliné de Carotte et Quinoa (dès 8mois) - 2x200g,sans-gluten,par Babybio,"Prix au kilo : 5,8€/kgPetits Pots Mouliné Carotte Quinoa. Idéal pour l’éveil de Bébé aux saveurs naturelles dès 8 mois. Ingrédients issus de l'agriculture biologique. Contenance : 2 x 200g.Ingrédients : Légumes 73% (carottes des Landes 48%, patates douces d'Espagne 11%, purée de tomates d'Italie 8%, oignons d'Espagne 6"
"5,29","3,82",Chocolat noir 70% de cacao et éclats de fèves de cacao sans gluten - 100g,sans-gluten,par Ikalia,"Prix au kilo : 38,25€/kgAvec 70% de cacao bio, sans huile de palme, sans lécithine, le chocolat Ikalia aux éclats de fève de cacao, allie engagement et croquant. Le cacao ainsi que le sucre sont issus du commerce équitable. Les fèves de cacao donnent une légèreté et une note boisée à ce grand cru. Le carton est 100% re"
"2,19","1,59",Petits pots Pommes d'Aquitaine (dès 4mois) - 2x130g,sans-gluten,par Babybio,"Prix au kilo : 6,15€/kgPetits pots Pomme d'Aquitaine. Idéal pour l’éveil de Bébé aux saveurs naturelles et son bon équilibre nutritionnel. Dès 4 mois. Ingrédients issus de l'agriculture biologique. Contenance : 2 x 130g.Ingrédients : Pommes d'AquitaineValeurs nutritionnelles (pour 100g) : Energie (kJ/Kcal) 189/45 ; Mat"
"2,19","1,59",Petits pots Pomme Abricot Céréale (dès 4 mois) - 2x130g,sans-gluten,par Babybio,"Prix au kilo : 6,15€/kgPetits pots Pomme Abricot Céréale . Idéal pour l’éveil de bébé aux saveurs naturelles et son bon équilibre nutritionnel. Dès 4 mois. Ingrédients issus de l'agriculture biologique. Contenance : 2 x 130g.Ingrédients : Pommes d’Aquitaine 60%, abricots d’Occitanie 37%, riz 3%, antioxydant: acide asco"
"2,19","1,59",Petits pots Pomme-Pruneau (dès 4 mois) - 2x130g,sans-gluten,par Babybio,"Prix au kilo : 6,15€/kgPetits pots Pomme-Pruneau. Idéal pour l’éveil de bébé aux saveurs naturelles et son bon équilibre nutritionnel. Dès 4 mois. Contenance : 2 x 130g.Ingrédients : Pommes d'Aquitaine 78%, purée de pruneaux d'Agen 22% (pruneaux 13,2%, eau)Valeurs nutritionnelles (pour 100g) : Energie (kJ/Kcal) 235/56 "
"3,40","2,54",Gourdes Pomme Poire Pêche (dès 6 mois) - 4x90g,sans-gluten,par Babybio,"Prix au kilo : 7,06€/kgMes Fruits Gourde Pomme Poire Pêche Dès 6 mois. Une Purée 100% Fruits que Bébé prend plaisir à boire en toute autonomie. Ingrédients issus de l'agriculture biologique. Contenance : 4 x 90g.Ingrédients : Pommes d'Aquitaine 50%, poires Willimas de France 30%, pêches du Roussillon 20%., antioxydant:"
"2,15","1,56",Assiette Fondue de Carotte et Maïs Doux au Quinoa (dès 12 mois) - 230g,sans-gluten,par Babybio,"Prix au kilo : 6,78€/kgPurée de légumes et quinoa bio avec morceaux adaptée à l’enfant dès 12 mois. Fabriqué en France. Contenance : 230g.Ingrédients : Légumes 62% (carottes des Landes 31%, maïs doux d'Aquitaine 15% , poivrons rouges d' Espagne 10%, oignons d' Espagne ), eau de cuisson, quinoa 6,5%, huile d'olive vierg"
"3,40","2,54",Gourdes Pomme Abricot Banane (dès 6 mois) - 4x90g,sans-gluten,par Babybio,"Prix au kilo : 7,06€/kgMes Fruits Gourde Pomme Abricot Banane Dès 6 mois. Une Purée 100% Fruits que Bébé prend plaisir à boire en toute autonomie. Ingrédients issus de l'agriculture biologique. Contenance : 4 x 90g.Ingrédients : Pommes d’Aquitaine 55%, abricots d'Italie 23%, bananes d'Equateur 22%Valeurs nutritionnelle"
"3,09","2,46",Menu Carotte Potimarron Pomme Et Canard Fermier (dès 8 mois) - 2x200g,sans-gluten,par Babybio,"Prix au kilo : 6,15€/kgPour l’éveil de Bébé aux saveurs naturelles, les ingrédients de tous les petits pots Babybio sont sélectionnés avec soin. Dès 8 mois. Contenance : 2 x 200g.Ingrédients : Légumes 65% (carottes des Landes 34%, potimarrons de la Drôme 17,5%, oignons d'Espagne , panais du Val de Loire ), pommes d'Aqu"
"0,99","0,70",Mini Barre Au Chocolat - 25g,sans-gluten,par Life Food,"Prix au kilo : 28€/kgAu vrai chocolat cru noir, cette barre énergétique ne contient que des dattes, des noix et une touche de vanille. Le meilleur booster énergétique naturel ! L’extase par le chocolat ! Merveilleusement euphorique ! La meilleure barre chocolatée de notre galaxie et même de l’univers entier. Les LIFEBA"
"3,99","2,89",Penne au quinoa sans gluten - 250g,sans-gluten,par Ma Vie Sans Gluten,"Prix au kilo : 11,56€/kg Des penne pas comme les autres à base de farine de riz et de quinoa. Ces pâtes sont très goutteuses et vont vous réconcilier avec les produits sans gluten. A consommer chaud accompagné d'huile d’olive, d’une noix de beurre, en gratin ou encore froid en salade. Attention, la cuisson des pâtes sa"
"2,30","1,38",Thé Froid Detox Rouge au rooibos - 33cl,sans-gluten,par ChariTea,"Prix au litre : 4,18€/LL'infusion Rooibos ChariTea est une boisson légèrement sucrée aux notes fruitées. Le thé rouge s'accompagne de touches de fruit de la passion et de baie de sureau pour une saveur gourmande et légère. Cette boisson contient naturellement une bonne dose de caféine, elle est donc stimulante pour le "
"4,09","2,95",Couscous Du Soleil sans Gluten - 275g,sans-gluten,par Ma Vie Sans Gluten,"Prix au kilo : 10,73€/kgLe Couscous du soleil Bio de Ma vie sans gluten est un savoureux plat oriental sain et ensoleillé. Le couscous est un plat typique berbère marocain, riche d'ingrédients sains, sans gluten et délicieux. A base de semoule de maïs, de riz blanc, de tomates, carottes, épices, cannelle, clous de giro"
"2,39","1,70",Farine de Maïs sans Gluten - 500g,sans-gluten,par Ma Vie Sans Gluten,"Prix au kilo : 3,4€/kgFarine de Maïs SANS GLUTEN - Origine UE - Sachet de 500 g.Ingrédients : Farine de maïs Valeurs nutritionnelles (pour 100g) : Energie (kJ/Kcal) 1365/322 ; Matières grasses : 1,5g ; Glucides : 70g ; Protéines : 7g ;"
"2,10","1,59",Petits pots Délice de fruits (dès 4 mois) - 2x130g,sans-gluten,par Babybio,"Prix au kilo : 6,15€/kgPetits pots Délice de fruits. Idéal pour l’éveil de bébé aux saveurs naturelles et son bon équilibre nutritionnel. Ingrédients issus de l'agriculture biologique. Dès 4 mois. Contenance : 2 x 130g.Ingrédients : Pommes d'Aquitaine , poires Williams d'Italie , pêches du Roussillon , myrtilles de Suè"
"3,69","2,69",Petits Sablés Noix de Coco sans Gluten - 150g,sans-gluten,par Ma Vie Sans Gluten,"Prix au kilo : 18€/kgPetits Sablés Noix de Coco : délicieux sablés à la texture croustillante et fondante. Ingrédients issus de l’agriculture biologique. Sans gluten et sans huile de palme. Poids : 150gIngrédients : Farine de riz demi complète , fécule de pomme de terre , sucre de canne blond , huile de noix de coco , "
"2,30","1,38",Thé Froid Detox Maté effervescent - 33cl,sans-gluten,par ChariTea,"Prix au litre : 4,18€/LL'infusion maté ChariTea mêle le maté et le thé noir dans une boisson revigorante. Une pointe de jus d'orange et de jus de citron viennent apporter une touche fruitée à cette infusion. Cette boisson contient naturellement une bonne dose de caféine, elle est donc stimulante pour le corps et l'espr"
"1,00","0,81",Bioflan Framboise - 2x4g,sans-gluten,par Natali,"Prix au kilo : 102,5€/kgPréparation Bioflan en poudre pour entremets non sucrés saveur Framboise. 2 Sachets 1/4 Litre.Ingrédients : Amidon de maïs , arôme naturel , gélifiants: carraghénane, agar-agarValeurs nutritionnelles (pour 100g) : Energie (kJ/Kcal) 1316/315 ; Matières grasses : 0,1g ; Glucides : 76,8g ; Protéine"
"3,40","2,54",Gourdes Pomme Fraise Vanille (dès 6 mois) - 4x90g,sans-gluten,par Babybio,"Prix au kilo : 7,06€/kgMes Fruits Gourde Pomme Fraise Vanille Dès 6 mois. Une Purée 100% Fruits que Bébé prend plaisir à boire en toute autonomie. Contenance : 4 x 90gIngrédients : Pommes d’Aquitaine 79,9%, fraises d'Espagne 20%, vanille 0,1%.Valeurs nutritionnelles (pour 100g) : Energie (kJ/Kcal) 195/46 ; Matières gra"
"5,35","4,45",Muesli croustillant framboise chocolat sans gluten et huile de palme - 500g,sans-gluten,par Favrichon,"Prix au kilo : 8,9€/kgDécouvrez l’alliance gourmande de pépites de céréales croustillantes au chocolat, de framboises et de morceaux de chocolat dans ce délicieux muesli Favrichon. Muesli croustillant Framboise Chocolat. Ingrédients issus de l'agriculture biologique. Sans gluten, sans huile de palme.Ingrédients : Céréa"
"3,89","3,06",Madeleines pur beurre sans gluten - 150g,sans-gluten,par Nature & Cie,"Prix au kilo : 20,4€/kgDe délicieuses madeleines pur beurre et sans gluten. Ingrédients issus de l'agriculture biologique. Fabriqué en France. Conditionnement : 150g.Ingrédients : Sucre de canne , oeuf , fécule de pomme de terre , beurre (lait) 17%, farine de riz , poudre à lever , sirop de sucre inverti , épaississant"
"8,99","6,48",Maxi Lot de Compotes Cool Fruits Pomme Pêche Abricot - 12x90g,sans-gluten,par Vitabio,"Prix au kilo : 6€/kgCool Fruits Pomme-Pêche-Abricot : de délicieuses gourdes 100% fruits Bio pour accompagner les enfants dans toutes leurs activités ! Vendues par 12 gourdes de 90g. Fabrication française.Ingrédients : Pommes , pêches , concentré de fruits (concentré de raisin , concentré de citron ), abricots , jus d'"
"3,29","2,50",Petit pots Menu Légumes Cabillaud 8 mois - 2x200g,sans-gluten,par Babybio,"Prix au kilo : 6,28€/kgPetit pots Menu Légumes Cabillaud. Pour l’éveil de Bébé aux saveurs naturelles, les ingrédients de tous les petits pots Babybio sont sélectionnés avec soin. Dès 8 mois. Contenance : 2 x 200g.Ingrédients : Légumes 67% (petits pois d'Espagne 32%, pommes de terre du Val de Loire 18% , carottes des L"
"2,09","1,59",Petits pots Pêche Pomme (dès 4mois) - 2x130g,sans-gluten,par Babybio,"Prix au kilo : 6,15€/kgPetits pots Pêche Pomme. Idéal pour l’éveil de Bébé aux saveurs naturelles et son bon équilibre nutritionnel. Dès 4 mois. Ingrédients issus de l'agriculture biologique. Contenance : 2 x 130g.Ingrédients : Pêches du Roussillon 50%, pommes d‘Aquitaine 50%, antioxydant: acide ascorbiqueValeurs nutri"
"3,89","2,76",Pain hamburger sans gluten - 200g,sans-gluten,par Nature & Cie,"Prix au kilo : 13,8€/kgDeux pains prêts à garnir pour faire soi-même de délicieux hamburgers.Ingrédients : Eau, farine de riz*, fécule de pomme de terre*, amidon de maïs*, levure de boulanger, graines de lin*, huile d’olive*, sucre de canne*, sel, épaississant : gomme de guar*. *Ingrédients issus de l'agriculture biolo"
"5,19","3,87",Macarons Amandes Noisettes sans Gluten - 140g,sans-gluten,par Biscuiterie de Provence,"Prix au kilo : 27,64€/kgMacarons aux amandes et aux noisettes. Sans gluten et sans lait. Etui de 140 g.Ingredients : sucre de canne roux*, amandes* 29%, blancs d’oeufs*, noisettes* 10%, miel*, poudre de vanille BourbonValeurs nutritionnelles (pour 100g) : Energie (kJ/Kcal) 2045/489 ; Matières grasses : 24,1g ; Glucides"
"3,89","2,81",Mezzi Rigatoni multicéréales sans gluten - 500g,sans-gluten,par Ma Vie Sans Gluten,"Prix au kilo : 5,63€/kg De beaux Rigatoni pour égayer vos pâtes bien garnies de sauce ou vos gratins familiaux. Le tout sans gluten mais avec 5 farines de céréales différentes : du maïs, du riz blanc et complet, du sarrasin ainsi que du quinoa pour un goût incomparable. Ravira les petits et les grands ! Attention, la c"
"2,19","1,65",Petits pots Pomme Myrtille (dès 4 mois) - 2x130g,sans-gluten,par Babybio,"Prix au kilo : 6,35€/kgPetits pots Pomme Myrtille. Idéal pour l’éveil de bébé aux saveurs naturelles et son bon équilibre nutritionnel. Dès 4 mois. Ingrédients issus de l'agriculture biologique. Contenance : 2 x 130g.Ingrédients : Pommes d'Aquitaine 80%, myrtilles de Suède 20%Valeurs nutritionnelles (pour 100g) : Energ"
"2,29","1,80",Boisson au riz et cacao biologique - 1L,sans-gluten,par The Bridge,"Cette boisson de riz enrichie en calcium est un excellent substitut au lait de vache ou de soja, sans cholestérol et 100% biologique."
"1,89","1,33",Galettes de riz de Camargue aux céréales anciennes - 130g,sans-gluten,par Ma Vie Sans Gluten,"Prix au kilo : 10,31€/kgGalettes de riz de Camargue aux céréales anciennes 130g: Légères et très croustillantes, ces galettes s’utilisent en remplacement du pain pour le petit déjeuner, le goûter, etc! Garantie sans Gluten. Étui 130gIngrédients : Riz rond complet et riz rond demi-complet de Camargue IGP(1 (91,67%),céré"
"5,49","4,14",Farine de Riz et Châtaignes - 500g,sans-gluten,par Ma Vie Sans Gluten,"Prix au kilo : 8,28€/kgFarine de Riz et Châtaigne SANS GLUTEN - Origine UE - Sachet de 500 g.Ingrédients : Farine de riz blanche (70%), farine de châtaigne (30%) Valeurs nutritionnelles (pour 100g) : Energie (kJ/Kcal) 1185/379 ; Matières grasses : 1,7g ; Glucides : 79,7g ; Protéines : 6,3g ;"
"5,00","3,50",Quinoa Real Blanc - 500g,sans-gluten,par Priméal,"Prix au kilo : 6,22€/kgCéréales grains de quinoa Bio - Boîte de 500 grammes.Ingrédients : Quinoa Réal Valeurs nutritionnelles (pour 100g) : Energie (kJ/Kcal) 1499/354 ; Matières grasses : 5,5g ; Glucides : 63,7g ; Protéines : 12,5g ;"
"3,29","2,45",Cracker Cumin - 100g,sans-gluten,par Pural,"Prix au kilo : 24,6€/kgCracker au cumin, bio, Pural. 100 g.Ingrédients :Fécule de pomme de terre , farine de riz , flocons de pomme de terre , huile de colza , sel de mer, sucre roux complet , émulsifiant : lécithine de soja, cumin 0,3% Valeurs nutritionelles ajoutées très bientôt"
"3,79","2,77",Mini Cookies au Chocolat Noir - 150g,sans-gluten,par Ma Vie Sans Gluten,"Prix au kilo : 18,47€/kgCookies au Chocolat Noir BIO 150g: Une recette gourmande appréciable pour sa texture croustillante, puis fondante. Garanti sans Gluten. Boite de 150gIngrédients : Farine de riz demi-complète , sucre de canne blond , pépites de chocolat (cacao ,sucre de canne roux , beurre de cacao ), huile de pa"
"3,89","2,96",Pain Aux Graines De Lin - 375g,sans-gluten,par Ma Vie Sans Gluten,"Prix au kilo : 7,92€/kgLa présence de graines de lin offre à ce pain un atout nutritionnel et une saveur originale. Le double sachet garantit un maximum de fraîcheur! Garanti sans Gluten. 375gIngrédients : Céréales 59% (riz concassé ,millet en grains , sarrasin concassé , semoule de maïs ), farine de riz , eau, farine "
"3,69","2,53",Cracker Parmesan - 100g,sans-gluten,par Pural,"Prix au kilo : 25,3€/kgCracker au parmesan, bio, Pural. 100grIngrédients :Amidon de pomme de terre , Farine de riz , flocons de pommes de terre , parmesan , huile de colza , sel marin , sucre de canne , émulsifiant : lécithine de soja Valeurs nutritionnelles (pour 100g) : Energie (kJ/Kcal) 1599/378 ; Matières grasses :"
"2,19","1,63",Boisson au riz et calcium,sans-gluten,par The Bridge,"Cette boisson de riz enrichie en calcium est un excellent substitut au lait de vache ou de soja, sans cholestérol et 100% biologique."
"4,49","3,52",Tartines Craquantes Au Sarrasin - 300g,sans-gluten,par Le pain des fleurs,"Prix au kilo : 11,73€/kgTartines craquantes sans gluten au sarrasin 100% bio. Sources de fibres et riches en minéraux. 300 g. Prix LPPR = 1,44 €Ingrédients : farine de sarrasin*, sucre de canne complet* &lt;2%, sel.Valeurs nutritionnelles (pour 100g) : Energie (kJ/Kcal) 1569/375 ; Matières grasses : 3g dont acides gras"
"3,39","2,38",Riz Thaï Demi-complet - 500g,sans-gluten,par Autour Du Riz,"Prix au kilo : 4,76€/kg Riz Thaï demi-complet 500G Bio. Un riz thaï tire son nom de son pays d'origine, la Thaïlande, où les sols riches en minéraux lui donnent son arôme si particulier. Autour du Riz a choisi de travailler avec des producteurs de la province de Chiang Rai, à l'extrême nord du pays. Avec eux nous nous "
"2,89","2,32",Lait de Coco Sans Sucres sans gluten sans sucres ajoutés - 1L,sans-gluten,par EcoMil,"Prix au litre : 2,33€/LLe Lait de Coco Sans Sucres 1L Ecomil se consomme tel que à tout moment de la journée, froids ou chauds, dans le thé ou le café; et peut être aussi utilisé dans la préparation de vos recettes: sauces, gâteaux, crêpes, flans. Boisson saine et nutritive, elle convient aux personnes qui doivent surv"
"3,99","2,87",Galettes Tomates Lentilles - 2x100g,sans-gluten,par Ma Vie Sans Gluten,"Prix au kilo : 14,35€/kgGalettes bio SANS GLUTEN à la tomates et aux lentilles corail - Origine FranceIngrédients : légumes cuisinés (tomates (14%), poivrons rouges , oignons , tomatesséchées (3%) ,huile de tournesol désodorisée , huile d’olive vierge ), eau, lentilles corail (14%) , farine de maïs , oeufs frais , basi"
"3,69","2,75",Tartines Craquantes Au Quinoa - 150g,sans-gluten,par Le pain des fleurs,"Prix au kilo : 18,33€/kgTartines craquantes sans gluten au Quinoa, issues de la filière 100% bio et 100 % commerce équitable de Priméal. 150 g. Prix LPPR = 0,72 €Ingrédients : Farine de riz demi-complète*, farine de quinoa*(40%), sucre de canne complet* (&lt;2%), selValeurs nutritionnelles (pour 100g) : Energie (kJ/Kca"
"3,20","2,35",Riz Thaï Blanc - 500g,sans-gluten,par Autour Du Riz,"Prix au kilo : 4,72€/kg Un riz thaï tire son nom de son pays d'origine, la Thaïlande, où les sols riches en minéraux lui donnent son arôme si particulier.Autour du Riz a choisi de travailler avec des producteurs de la province de Chiang Rai, à l'extrême nord du pays. Avec eux nous nous engageons pour une qualité absolu"
"2,99","2,15",Tartines Craquantes Multicéréales - 150g,sans-gluten,par Le pain des fleurs,"Prix au kilo : 14,33€/kgTartines aux 3 céréales : riz, sarrasin et millet. Saveur légère qui s’adapte à chaque instant de consommation. Texture fine et croustillante, légèrement toastée. Sans gluten. 2 sachets fraîcheur de 75g.Ingrédients :Farine de riz demi-complète (59,5%), farine de sarrasin (25%), farine de millet "
"3,69","2,75",Tartines Craquantes À La Châtaigne - 150g,sans-gluten,par Le pain des fleurs,"Prix au kilo : 18,33€/kgTartines craquantes sans gluten à la châtaigne, un fruit oublié à réhabiliter d'urgence pour la préservation des territoires. 150 g. Ingrédients : farine de riz*, farine de châtaigne (30%), selValeurs nutritionnelles (pour 100g) : Energie (kJ/Kcal) 1586/374 ; Matières grasses : 1,6g dont acides "
"1,49","1,15",Crème Cuisine Aux Amandes sans Gluten - 200ml,sans-gluten,par EcoMil,"Prix au litre : 5,8€/L Préparation culinaire à base d'Amandes bio. Délicieuse, onctueuse, prête à l'emploi, légère et facile à digérer ! Brique de 200mL.Ingrédients : Eau, huile d'amande (7%), sirop d'agave , émulsifiant : lécithine de tournesol (garantie sans OGM) , stabilisants : gomme xanthane, gomme arabique, sel m"
"3,29","2,52",Lait Amande Sans Sucres Bio sans gluten sans sucres ajoutés - 1L,sans-gluten,par EcoMil,"Prix au litre : 2,53€/LLait d'Amandes Bio sans sucres ajoutés ! A consommer à tout moment de la journée. Brique de 1L.Ingrédients : Eau, amandes (7%), amidon de tapioca , et arôme naturel d'amandeValeurs nutritionnelles (pour 100g) : Energie (kJ/Kcal) 125/30 ; Matières grasses : 2,1g ; Glucides : 1,5g dont Sucres : 0,1"
"0,45","0,29",Poudre À Lever - 14g,sans-gluten,par Natali,"Prix au kilo : 20,71€/kgPoudre à lever 2X7G Bio. La poudre à lever est utilisée pour la levée des pâtes en pâtisserie salée et sucrée. Sans gluten, sans phosphate La levée de la pâte se fait par simple réaction naturelle des ingrédients lorsqu’ils sont mis dans certaines conditions d’humidité et de chaleur. Le bicarbon"
"3,85","2,83",Biscuits Fourrés Crousty Roll Cacao Noisette - 125g,sans-gluten,par Le pain des fleurs,"Prix au kilo : 22,64€/kgDécouvrez les Biscuits Fourrés Cacao Noisette ""Crousty Roll"" Bio et Sans Gluten créés par la marque Le Pain des fleurs®. Ce sont de délicieux biscuits croustillants avec un fourrage fondant au cacao et à la noisette. Conditionnés par 2, les Biscuits Fourrés Cacao Noisette ""Crousty Roll"" sont fac"
"1,09","0,78",Crackers de Riz au Romarin - 40g,sans-gluten,par Ma Vie Sans Gluten,"Prix au kilo : 19,75€/kgCrackers de riz au romarin : Grâce à un procédé unique de fabrication qui offre finesse et croustillant, ces crackers légers vous accompagnent de la pause à l'apéritif! 40grComposition : Farine de riz blanc* (51%), farine de maïs* (29%), huile de germe de maïs* (10%), amidon de maïs*, sel, romar"
"1,49","1,15",Crème Cuisine Lait De Coco sans Gluten - 200ml,sans-gluten,par EcoMil,"Prix au litre : 5,8€/LPréparation culinaire à base de Lait de Coco. Délicieuse, onctueuse, prête à l'emploi, légère et exotique ! Brique de 200mL.Ingrédients : Lait de coco (60%), eau, gomme guar, arôme naturel de cocoValeurs nutritionnelles (pour 100g) : Energie (kJ/Kcal) 310/75 ; Matières grasses : 7,3g dont acides g"
"9,99","7,90",Huile d'olive vierge,sans-gluten,par La Bio Idea,"Prix au litre : 7,9€/litre L’huile d’olive vierge extra La Bio Idea est une huile d'olive grecque de catégorie supérieure, qui est extraite à froid ce qui permet de conserver toutes les qualités, notamment nutritionnelles, de l’olive. La pression se fait uniquement par des procédés mécaniques Ingrédients : huile d'oliv"
"3,59","2,74",Purée De Pommes Demeter sans sucres ajoutés - 630g,sans-gluten,par Coteaux Nantais,"Prix au kilo : 4,34€/kgIssue d'un mélange de variétés de pommes sélectionnées avec soin et cueillies à maturité et labelisées DEMETER, cette compote est cuite délicatement à l'étouffée en marmite sans sucres ajoutés. Retrouvez la douceur et la saveur de la pomme dans tous ces états. Tous les produits Côteaux Nantais so"
"6,49","5,84",Crème Protectrice Visage - 50ml,produits-bebe,par Weleda,"Prix au litre : 117,4€/LCrème protectrice visage pour bébé au Calendula. Hydrate et nourrit. Tube de 50 ml.Composition : Eau,Huile de sésame biologique, Huile d’amande douce biologique, Alcool biologique, Esters d’acide gras, Lanoline, Cire d’abeille biologique, Extrait de fleur de calendula biologique, Xanthane* et Hu"
"0,99","0,74",Crème Cuisine à base de Riz - 200ml,sans-gluten,par Lima,"Prix au litre : 3,75€/L Préparation végétale Riz Cuisine, alternative végétale à la crème liquide à base de riz. Idéale pour toutes les utilisations, salée et sucrée. Facile à digérer. Certifié AB. 200mlIngrédients : Eau, ingrédients de riz 7% (farine de riz , amidon de riz , sirop de riz ), huile de tournesol , émulsi"
"18,99","16,45",Lait Nourisson relais Optima 1 bio (0-6 mois) - 900g,produits-bebe,par Babybio,"Prix au kilo : 18,29€/kgBabybio 1 Optima participe dès les premiers mois à l'éducation nutritionnelle de votre bébé. De 0 à 6 mois. Lait origine France. Boite hermétique de 900g.Ingrédients : Lactosérum déminéralisé , huiles végétales (tournesol oléique , colza , tournesol ), maltodextrines de maïs , lait écrémé , phos"
"4,59","3,54",Tagliatelles Thaïes De Riz Complet - 400g,sans-gluten,par Autour Du Riz,"Prix au kilo : 8,85€/kg Découvrez ces Tagliatelles Thaïes de Riz Complet 400g, à consommer natures ou assaisonnées qui donneront à vos plats le goût de la gastronomie Thaïlandaise en un tour de main! Prêt en 15 minutes!Ingrédients : 100% riz complet thaïlandais*.*Issu de l’Agriculture Biologique.Valeurs nutritionnelles"
"2,99","2,06",Caviar d'artichauts - 140g,vegan,par Biorganica Nuova,"Prix au kilo : 14,79€/kg C'est parti pour l''apéro ou les recettes vegan ! Que ce soit pendant l'apéritif dînatoire, d'un brunch ou d'un repas sur le pouce, savourez le caviar d'artichauts aux ingrédients issus de l'agriculture biologique. Bocal en verre de 140g. Spécialiste dans la production de conserves bio de haute"
"1,79","1,27",Boisson Végétale à base de Soja - 1L,vegan,par Lima,"Prix au litre : 1,28€/LBoisson végétale onctueuse à base de soja! 1LIngrédients :Eau, Fèves de Soja (7.2%)Valeurs nutritionelles ajoutées très bientôt"
"1,10","0,70",200g de Riz long complet de Camargue en vrac,vegan,par Priméal,"Prix au kilo : 3,50€/kg Riz Long Complet - Origine CamargueIngrédients : Riz long complet Valeurs nutritionelles ajoutées très bientôt"
"3,29","2,40",Graine De Chia - 250g,vegan,par Markal,"Prix au kilo : 9,64€/kgGraines de chia issues de l'agriculture biologique. A saupoudrer ou pour la conception du gel de chia. Sachet de 250g.Ingrédients : Graines de chiaValeurs nutritionnelles (pour 100g) : Energie (kJ/Kcal) 1856/450 ; Matières grasses : 31,4g dont acides gras saturés : 12,2g ; Glucides : 3,8g ; Proté"
"1,80","1,36",Papillon demi-complets - 500g,vegan,par Priméal,"Prix au kilo : 2,73€/kg Goûtez aux papillons Priméal. Un classique qui ravira toute la famille avec un pesto (maison en été !) Originaire d'Italie et fort d'un savoir faire ancestral, vous plairait à toute la famille.Ingrédients : Semoule de blé dur demi-complèteValeurs nutritionnelles (pour 100g) : Valeur énergétique "
"2,69","1,85",Cube de Savon de Marseille à l'huile d'Olive - 300g,vegan,par La Corvette,"Prix au kilo : 6,17€/kgAvec le savon de Marseille à l'huile d'olive La Corvette, retrouvez le véritable savon de Marseille (on ne plaisante pas avec les appelations !). Il respecte la charte de fabrication artisanale fixée par l’Union des Professionnels du Savon de Marseille : fabriqué à Marseille, selon le procédé tra"
"2,89","2,32",Lait de Coco Sans Sucres sans gluten sans sucres ajoutés - 1L,vegan,par EcoMil,"Prix au litre : 2,33€/LLe Lait de Coco Sans Sucres 1L Ecomil se consomme tel que à tout moment de la journée, froids ou chauds, dans le thé ou le café; et peut être aussi utilisé dans la préparation de vos recettes: sauces, gâteaux, crêpes, flans. Boisson saine et nutritive, elle convient aux personnes qui doivent surv"
"4,80","3,64",Ravioli aux légumes - 670g,vegan,par Danival,"Prix au kilo : 5,44€/kg Enfin des raviolis sans chichi. Une recette vegan, sans colorant, sans conservateur et à faible teneur en matières grasses qui revisite un grand classique. Un goût savoureux qui ravira toute la familleIngrédients : eau, ravioli 5 Légumes* 17% (Pâte* (60%) : semoule de blé dur*, eau ; Farce* (40 "
"0,90","0,70",200g de sucre roux complet,vegan,par Priméal,"Prix au kilo : 3,54€/kg Vous allez adorer ce sucre roux du Brésil. Le non-raffinage de ce sucre permet de préserver sa richesse naturelle en sels minéraux. Petit conseil d'ami : il sera parfait pour sucrer les pâtisseries, desserts et laitages de toute la famille ! Ingrédients : Jus de canne à sucre cristallisé* * Ingr"
"5,40","4,12",200g de Noix de cajou en vrac,vegan,par Les Accents du Soleil,"Prix affiché pour 200g en vrac. Prix au kilo : 20,6€/kg Pourquoi on aime les noix de cajou en vrac Les noix de Cajou sont les noix qui contiennent le moins de lipides !Riches en cuivre, manganèse, phosphore, vitamine K, fibres, acides gras mono-insaturés, les noix de Cajou sont idéales pour lutter contre les migraines,"
"1,60","0,80",200g de raisins blond sultanines en vrac,vegan,par Les Accents du Soleil,"Prix au kilo : 4€/kgLe climat ensoleillé de l’Ouzbekistan favorise la saveur des raisins blond sultanines. Ces raisins sont récoltés à la main, puis séchés au soleil, sans procédé industriel. A déguster à l'apéritif, à cusiner avec vos gâteaux et desserts ou à soupoudrer sur vos salades pour y ajouter une subtile note "
"2,21","1,87",Petits pois à l'étuvée - 400g,vegan,par La Bio Idea,"Prix au kilo : 4,68€/kg Petits pois cuits à l'étuvée. Idéales pour accompagner viandes et poissons mais aussi dans vos korma de légumes ou en dahl veggie.Ingrédients : Petits pois extra-fins*, eau, sucre*, sel marin, arôme naturel.Valeurs nutritionnelles (pour 100g) : Valeur énergétique : 359kJ soit 85kcal, Protéines :"
"2,19","1,45",Cotons tiges biodegradables au coton bio - x200,vegan,par Douce Nature,"Prix unitaire : 0,01€/unité Prenez soin de la planète en même temps que de de vos oreilles. Aveec des extrémités 100% coton bio et des tiges en papier blanchies à l'eau oxygénée et non pas au chlore, cest coton tige on un impact carbone minime. Soyez écolo jusqu'aux oreilles !200 pièces par boîteComposition : Extrémité"
"1,10","0,92",200g de Lentilles vertes en vrac,vegan,par Priméal,"Prix au kilo : 4,60€/kg Lentilles vertes issues de l'agriculture biologique. Idéales en accompagnement, soupes ou salades Ingrédients : Lentilles vertesValeurs nutritionnelles (pour 200g) : Energie (kJ/Kcal) 950/220 ; Matières grasses : 1,7g dont acides gras saturés : 0,2g ; Glucides : 28,5g dont Sucres : 1g ; Protéine"
"2,79","2,09",Sauce Tomate Basilic 100% France - 370g,vegan,par ProSain,"Prix au kilo : 5,65€/kg Savoureuse sauce tomate au basilic issue de l'agriculture biologique. Contenance : 370gIngrédients : Tomate ( pulpe et concentré) 85.7%, oignons , huile d’olive vierge extra extraite à froid , basilic 2%, ail , sel de merValeurs nutritionnelles (pour 100g) : Energie (kJ/Kcal) 250/60 ; Matières g"
"7,99","5,24",Lessive Concentrée Lavande - 1.5L,vegan,par Ecodoo,"Avec son doux parfum de lavande, cette lessive concentrée écologique vous permettra de faire vos lessives à la main ou en machine et pour tout textile. Sans parfum de synthèse ou colorant, elle est efficace de 40°C à 90°C."
"1,55","1,35",Maïs doux en grains - 340g,vegan,par La Bio Idea,"Prix au kilo : 3,97€/kgMaïs doux en grains. A déguster dans vos salade ou chaud comme accompagnement.Ingrédients : Maïs doux*, eau, selValeurs nutritionnelles (pour 100g) : Valeur énergétique : 380 kJ soit 90 kcal, Protéines : 2,8g, Glucides : 14,1g dont sucres 10,5g , Lipides : 1,7g dont graisses saturées 0,4g, fibres"
"2,99","2,34",Cookies aux pépites de chocolat - 175g,vegan,par Le Moulin du Pivert,"Prix au kilo : 13,4€/kg Ces Cookies aux Pépites de Chocolat parsemés d'éclats de noisettes grillées, sont fabriqués à partir de blé issu de l'Agriculture biologique. Des biscuits croquants et originaux qui raviront les petits comme les grands ! Les + Produit : Biscuits aux pépites de chocolat et éclats de noisettes Ing"
"1,59","1,17",Polenta Instantanée - 500g,vegan,par Markal,"Prix au kilo : 2,36€/kgPolenta issue de l'agriculture biologique, s'accomode parfaitement aux plats de viande. Sachet de 500g.Ingrédients : MaïsValeurs nutritionnelles (pour 100g) : Energie (kJ/Kcal) 1465/345 ; Matières grasses : 1,7g dont acides gras saturés : 0,29g ; Glucides : 74g dont Sucres : 0,6g ; Protéines : 8,"
"0,56","0,46",200g de Coquillettes complètes en vrac,vegan,par Priméal,"Prix au kilo : 2,3€/kg Coquillettes complètes - Origine FranceIngrédients : Semoule de blé dur complète Valeurs nutritionnelles (pour 200g) : Energie (kJ/Kcal) 1369/323 ; Matières grasses : 1,8g ; Glucides : 65,4g ; Protéines : 11g ;"
"4,69","3,41",Ratatouille À La Catalane - 650g,vegan,par ProSain,"Prix au kilo : 5,26€/kgDélicieuse ratatouille a la catalane aux ingrédients issus de l'agriculture biologique. Contenance : 650gIngrédients : Tomate (reconstituée à partir de concentré ) et pulpe de tomate ,aubergines frites 21%, courgettes frites 21%, oignons , huile de tournesol désodorisée, poivrons rouges, sel de m"
"1,02","0,80",200g de Lentilles corail en vrac,vegan,par Priméal,"Prix au kilo : 4€/kgLentilles rouges Corail issues de l'agriculture biologique. Idéales en accompagnement, purée ou soupe.Ingrédients : Lentilles rougesValeurs nutritionnelles (pour 200g) : Energie (kJ/Kcal) 1350/320 ; Matières grasses : 1,8g dont acides gras saturés : tracesg ; Glucides : 45g dont Sucres : 3g ; Protéi"
"6,69","4,31",Curry D'Aubergines - 650g,vegan,par ProSain,"Prix au kilo : 6,63€/kgCurry d'aubergines aux ingrédients issus de l'agriculture biologique. Contenance : 650gIngrédients : Aubergines frites (49%), pulpe de tomate , oigons , huile de tournesol désodorisée, eau, poudre de lait de coco , épices , sirop de riz , sel de mer, graines de fenouil ; jus concentré de citronVa"
"3,29","2,52",Lait Amande Sans Sucres Bio sans gluten sans sucres ajoutés - 1L,vegan,par EcoMil,"Prix au litre : 2,53€/LLait d'Amandes Bio sans sucres ajoutés ! A consommer à tout moment de la journée. Brique de 1L.Ingrédients : Eau, amandes (7%), amidon de tapioca , et arôme naturel d'amandeValeurs nutritionnelles (pour 100g) : Energie (kJ/Kcal) 125/30 ; Matières grasses : 2,1g ; Glucides : 1,5g dont Sucres : 0,1"
"2,99","2,36",Soupe aux 5 légumes du soleil récoltés en France - 50cl,vegan,par Danival,"Prix au kilo : 4,72€/kgUne soupe haute en couleur et délicieuse avec des légumes récoltés à maturité et de saison dans le Sud-ouest de la France. Une recette simple pour un goût inimitable : des oignons rissolés avec des tomates et de beaux légumes dans un bouillon d'herbes provençales et de basilic, et c'est tout pour"
"4,99","3,73",Après-shampoing Hydratation et Soin - 200ml,vegan,par Lavera,"Prix au litre : 18,7€/litre Découvrez l'Après-shampooing hydratation et soin : Une formule enrichie en lait d'amande bio et aloe vera qui lave les cheveux tout en douceur et les régénère de manière naturelle, sans irriter le cuir chevelu. Produit Vegan et certifié Natrue. Conseils d'utilisation :Appliquer sur cheveux m"
"4,95","3,99",Dentifrice Blancheur - 75 ml,vegan,par Logona,"Prix au kilo : 53,2€/kg Le Dentifrice Blancheur Logona, à base d'acide silicique, nettoie les dents de manière très efficace et élimine peu à peu les tâches sur l'émail sans l'agresser. La menthe procure une haleine fraîche tandis que la sauge prévient les inflammations. Il ne contient ni gluten ni lactose.Ingrédients "
"1,70","1,29",Macaroni demi-complets 100% France - 500g,vegan,par Priméal,"Prix au kilo : 2,59€/kg De La Fourche à l'assiette ces pâtes sont bien françaises. Ça commence par la récolte du blé dur qui est récolté en Camargue et dans le sud-ouest par un groupement d’agriculteurs et de coopératives pour pérenniser un modèle alternatif de production. Ensuite, le plus ancien fabricant de semoule, "
"3,50","2,71",Boisson à la noisette sans sucres - 1L,vegan,par EcoMil,"Prix au kilo : 2,71€/kg Cette délicieuse Boisson bio aux Noisettes est élaborée à partir de noisettes déshydratées partiellement dégraissées, légères et faciles à digérer. Elle constitue une boisson saine et nutritive puisque la noisette apporte des protéines de haute qualité et est naturellement riche en acides gras m"
"3,69","2,63",Assouplissant écologique Lavande - 750mL,vegan,par Ecodoo,"Une bonne odeur de lavande et une formule très concentrée et économique (1 bouchon pour 5 kg de linge), l'assouplissant Ecodoo va donner un coup de frais à votre linge."
"5,40","3,62",200g de Cranberries infusées au jus de pomme en vrac,vegan,par Les Accents du Soleil,"Prix au kilo : 18,1€/kgCes cranberries proviennent du Canada. Contrairement à la majorité de ces petites baies cultivées via un procédé industriel néfaste, la culture biologique garantit un respect des petits arbustes qui nous donnent cette délicisieuse baie. La canneberge contient de nombreux nutriments, des atouts an"
"3,49","2,63",Acide Citrique - 350g,vegan,par Ecodoo,"L'acide citrique est l'allié indispensable contre la rouille et le tartre. Si vous voulez récupérer vos robinets, vos appareils ménagers, votre bouilloire et vos chromes, rien de mieux que de l'utiliser sans modération"
"9,90","6,94",Shampoing solide cheveux secs à l'Orange douce - 55g,vegan,par Lamazuna,"Ce shampoing solide pour cheveux secs est délicatement parfumé à l'orange douce. Il est fabriqué à la main dans le sud de la France, uniquement avec des ingrédients naturels. Sans aucun produit chimique."
"1,00","0,76",200g de Pois chiches en vrac,vegan,par Priméal,"Prix au kilo : 3,80€/kgPois chiches issus de l'agriculture biologique (Label AB). Idéal en accompagnement, purée ou saladeIngrédients : Pois chichesValeurs nutritionnelles (pour 200g) : Energie (kJ/Kcal) 1412/336 ; Matières grasses : 5,9g dont acides gras saturés : 0,5g ; Glucides : 44,3g dont Sucres : 2,4g ; Protéines"
"1,99","1,43",Semoule De Blé Dur Fine Complète - 500g,vegan,par Priméal,"Prix au kilo : 2,88€/kgSemoule de Blé Dur Fine Complète Bio - Origine Italie - Sachet de 500 g.Ingrédients : Blé dur completValeurs nutritionnelles (pour 100g) : Energie (kJ/Kcal) 1533/365 ; Matières grasses : 1,1g ; Glucides : 74g ; Protéines : 10,9g ;"
"5,45","4,44",Graines De Courge - 500g,vegan,par Markal,"Prix au kilo : 8,9€/kgGraines de courge issues de l'agriculture biologique. A incorporer dans vos salades, pains, mueslis, selon vos envies. Sachet de 500g.Ingrédients : Graines de courgeValeurs nutritionnelles (pour 100g) : Energie (kJ/Kcal) 2237/540 ; Matières grasses : 41,6g dont acides gras saturés : 7,4g ; Glucide"
"2,09","1,62",Boisson au riz et vanille biologique - 1L,vegan,par The Bridge,Cette boisson de riz et vanille est saine et désaltérante et peut tout à fait être utiliser comme ingrédient dans la préparation de gâteaux. Elle est sans cholestérol et 100% biologique.
"11,92","8,74",Shampoing 70% Aloé Véra bio équitable sans sulfate - 250ml,vegan,par Pur'Aloé,"Cheveux à tendance grasse, maltraités, secs et cassants, l'aloé vera est votre sauveur. Il va équilibrer le pH du cuir chevelu et grâce à ses propriétés prouvées antiseptiques et antipelliculaires, il participe à la régénération cellulaire et hydrate le cheveu."
"9,90","6,94",Shampoing solide cheveux normaux au Sapin - 55g,vegan,par Lamazuna,"Ce shampoing solide pour cheveux normaux est délicatement parfumé au sapin argenté. Il est fabriqué à la main dans le sud de la France, uniquement avec des ingrédients naturels. Sans aucun produit chimique."
"1,99","1,50",Soupe Potimarron & Courge Butternut récoltés en France - 25cl,vegan,par Danival,"Prix au kilo : 6,01€/kgCette soupe colorée et onctueuse élaborée à partir de courges récoltées dans le Sud-Ouest de la France vous fera passer l'automne avec gourmandise. Ingrédients : Eau, potimarrons* (12%), courge Butternut* (12%), lentilles*, oignons*, huile de tournesol*, sel marin non raffiné de l'Atlantique, ail"
"2,90","2,28",Petits Pains Grillés Au Froment - 225g,vegan,par Le Moulin du Pivert,"Prix au kilo : 10,18€/kg Petits pains grillés au Froment 225G Bio. Sans huile de palme. Ingrédients : Farine de froment* 89%, huile de colza*, sucre*, levure, sel. *Ingrédients issus de l'Agriculture Biologique. Valeurs nutritionnelles (pour 100g) : Energie (kJ/Kcal) 460/108 ; Matières grasses : 7,2g dont acides gras s"
"22,90","16,22",Coffret de 20 lingettes démaquillantes zéro déchet,vegan,par Lamazuna,"Les cotons jetables et les produits démaquillants agressifs pour la peau, c'est terminé ! Grâce à leurs microfibres, ces lingettes réutilisables sont zéro déchet et permettent un démaquillage total et parfait en ajoutant seulement de l'eau."
"3,39","2,41",Tofu Nature Végan bio longue conservation 2x125g,vegan,par Soy,"Prix au kilo : 9,68€/kg Le tofu est un caillé frais de « jus » de soja (ou Tonyu), élaboré à partir de graines de soja rigoureusement sélectionnées. Son goût neutre et sa texture souple lui permettent de s’adapter à de nombreuses préparations salées ou sucrées. Ingrédients : Eau, soja*, gélifiants : sulfate de Calcium,"
"3,39","2,71",Nettoyant Multi-Usages au Citron Ecocert - 1L,vegan,par Ecover,"Prix au litre : 2,72€/LNettoyant multi-usages. 1 litre - Parfum Citroningrédients:&lt; 5%: agents tensio -actifs anioniques et nonioniques d'origine végétale, savon végétal.Autres ingrédients: eau, parfum végétal(citron), éthanol végétal et agent conservateur100% biodégradable."
"3,78","2,16",200g de pruneaux,vegan,par Les Accents du Soleil,"Prix au kilo : 10,8€/kg Des pruneaux de la région d'Agen dans le Lot et Garonne certifiés bio. À consommer nature en cas de petite faim ou à utiliser dans vos recettes de tajines, sauces, gâteaux. Origine: FranceIngrédients : Pruneaux du Lot-et-GaronneValeurs nutritionnelles (pour 200g) : Valeurs nutritionnelles (pour "
"3,19","2,48",Serviette Ultra Normal avec Ailettes - x14,vegan,par Natracare,Les serviettes Ultra de Natracare sont réalisées à partir de matières végétales et naturelle (100% de coton bio et de cellulose de plante renouvelable et durable) et ne contiennent aucune matière plastique ni aucune trace de parfum ou de chlore.
"7,00","5,42",200g de cerneaux de Noix en vrac,vegan,par Les Accents du Soleil,"Prix affiché pour 200g en vrac. Prix au kilo : 27,1€/kg Pourquoi on aime les cerneaux de noix en vrac A l’apéritif, en salade ou en dessert, les noix donnent du goût et du peps ! Ingrédients : noix du Sud Ouest issues de l'Agriculture Biologique"
"3,09","2,40",Soupe Lentilles Corail et épices - 50cl,vegan,par Danival,"Prix au kilo : 4,81€/kgUne soupe originale qui donne du peps ? Ce délicieux velouté aux lentilles corail, à la tomate et aux épices. riche en protéine et fibres donnera une touche exotique à votre repas.Ingrédients : Eau, lentilles corail* (10%), tomate*, oignons*, huile de tournesol*, sel marin non raffiné de l'Atlant"
"2,45","1,87",Gaufrettes 35% chocolat - 190g,vegan,par Bisson,"Prix au kilo : 9,84€/kgPour la pause café ou thé, elles sont idéales ! Certifié bio et sans huile de palme, avec 35% de chocolatIngrédients : Chocolat* 35% (sucre de canne*, beurre de cacao*, poudre de cacao* dégraissée), farine de blé*, sucre de canne*, huile de tournesol*, amidon de maïs*, émulsifiant : lécithine de "
"2,49","1,98",Haricots Rouges Kidney - 500g,vegan,par Markal,"Prix au kilo : 3,98€/kgHaricots rouges Kidney issus de l'agriculture biologique. Idéal en accompagnement ou salade. Sachet de 500g.Ingrédients : Haricots rougesValeurs nutritionnelles (pour 100g) : Energie (kJ/Kcal) 1329/312 ; Matières grasses : 1,1g dont acides gras saturés : 0,15g ; Glucides : 46,1g dont Sucres : 2,1"
"2,69","2,42",Lentilles Vertes - 500g,vegan,par Markal,"Prix au kilo : 4,84€/kgLentilles vertes issues de l'agriculture biologique. Idéales en accompagnement, soupes ou salades. Contenance : 500g. Ingrédients : Lentilles vertesValeurs nutritionnelles (pour 100g) : Energie (kJ/Kcal) 950/220 ; Matières grasses : 1,7g dont acides gras saturés : 0,2g ; Glucides : 28,5g dont Suc"
"3,19","2,48",Serviette bio et écolo Ultra Super avec Ailettes - x12,vegan,par Natracare,Les serviettes Ultra de Natracare sont réalisées à partir de matières végétales et naturelle (100% de coton bio et de cellulose de plante renouvelable et durable) et ne contiennent aucune matière plastique ni aucune trace de parfum ou de chlore.
"3,98","3,08",200g de mélange étudiant,vegan,par Les Accents du Soleil,"Prix au kilo : 15,4€/kg Un mélange de fruits secs et fruits séchés délicieux qui vous apportera tonus et bienfaits nutritionnels. Ingrédients : Raisins Sultanines de Turquie, Noix de cajou du Vietnam, Amandes décortiquées d'Espagne, Noix d’Amazonie d'Amérique du sud, Noisettes décortiquées d'Italie, Amandes mondées d'I"
"6,09","4,68",Dentifrice à la menthe bio et à l'argile - 75ml,vegan,par Argiletz,"Prix au litre : 62,46€/litre Pourquoi on aime le dentifrice à l'argile Argiletz Les avantages du dentifrice Argiletz : L'argile renforce durablement les gencives grâce à la présence d'oligo-éléments riches et fortifiants Il apporte une réelle sensation de fraîcheur grâce à la menthe poivrée Il assainit et purifie durab"
"2,99","2,06",Caviar d'olives noires - 140g,vegan,par Biorganica Nuova,"Prix au kilo : 14,79€/kgC'est parti pour l''apéro ou les recettes vegan ! Que ce soit pendant l'apéritif dînatoire, d'un brunch ou d'un repas sur le pouce, savourez l'olivade noire sur des toasts ou du pain grillé. Vous pouvez aussi le marier en cuisine pour apporter une touche finale à vos plats au bon goût de Méditér"
"9,90","6,94",Déodorant solide au Palmarosa - 30g,vegan,par Lamazuna,"Lamazuna et le zéro déchet, ça ne rigole pas. Ici, en plus du déodorant solide qui permet d'économiser les horribles tubes dommageables pour l'environnement, la boîte en carton est biodégradable, donc compostable grâce aux encres végétales."
"3,59","2,40",Fusilli Lentilles Corail sans gluten - 250g,vegan,par Ma Vie Sans Gluten,"Prix au kilo : 9,62€/kg Des fusilli pleins de couleur et de bonnes choses, 100% légumineuses et sans gluten. Grâce à une technique de fabrication spéciale, la couleur et les qualités des lentilles corail sont préservées. Vous conservez aussi tous les apports nutritionnels des lentilles corail qui sont une source import"
"1,70","1,29",Spirales blanches - 500g,vegan,par Priméal,"Prix au kilo : 2,59€/kgLes délicieuses spirales de Priméal viennent tout droit d'Italie. Avec une sauce tomate et un bon pesto, régalez toute la famille.Ingrédients : Semoule de blé dur demi-complèteValeurs nutritionnelles (pour 100g) : Valeur énergétique : 1450Kj soit 342kcal, Protéines : 10,9g, Glucides : 71,1g , Lip"
"1,99","1,44",Boisson Bio à base de Riz - 1L,vegan,par Lima,"Prix au litre : 1,44€/LUne boisson végétale onctueuse à base de riz! 1LIngrédients :Eau, Riz (11.2%), Huile de tournesol , Sel marinValeurs nutritionelles ajoutées très bientôt"
"7,49","5,39",Lessive Hypoallergénique Concentrée - 1.5L,vegan,par Ecodoo,"Sans parfum, sans allergène et sans huile essentielle, cette lessive concentrée écologique vous permettra de faire vos lessives à la main ou en machine et pour tout textile. Elle est efficace de 40°C à 90°C."
"2,40","1,80",200g de Trio de Quinoa Blanc Rouge Et Noir en vrac,vegan,par Priméal,"Prix au kilo : 9,00€/kg Trio de quinoa - Origine BolivieIngrédients : Quinoa rouge, quinoa blanc, quinoa noir Valeurs nutritionelles ajoutées très bientôt"
"2,99","2,06",Caviar de tomates séchées - 140g,vegan,par Biorganica Nuova,"Prix au kilo : 14,79€/kg C'est parti pour l''apéro vegan ! Avec seulement des tomates séchées de l'huile et du sel, sans épaississant et sans ajout de matière sucrante retrouvez le merveilleux goût des tomates sechées dans vos recettes ou tout simplement en le dégustant sur une tartine de pain grillée. Spécialiste dans"
"1,09","0,61",Barre Aux Cranberries et Amandes - 40g,vegan,par Pural,"Prix au kilo : 15,5€/kgLa Barre Canneberges et Amandes Pural est idéal comme encas lors des petits creux de la journée. La combinaison de cacahuètes, d'amandes, de raisins secs, de riz soufflé, de canneberges et de raisins secs alliant le goût et une texture croquante, raviront vos papilles !Ingrédients : Cacahuètes* ("
"2,99","2,32",Biscuits P'Tit Déj' Céréales Et Chocolat - 190g,vegan,par Le Moulin du Pivert,"Prix au kilo : 12,26€/kgBiscuits P'tit Déj Bio Céréales &amp; Chocolat. Recette riche en fibres. 4 sachets fraîcheur de 3 biscuits. Garantis sans OGM, sans huile de palme. Poids : 190g.Ingrédients : Céréales 49.7% (farine de blé T65 , flocons d'avoine , farine de seigle T130 , farine d'orge ), sucre de canne non raffin"
"12,99","9,36",Déodorant naturel Peaux sensibles Coco Ananas - 92g,vegan,par Schmidts,"Avec son parfum Coco-Ananas exotique et estival, ces ingrédients 100% naturels et son format stick recyclable et pratique, Il est particulièrement conseillé pour les aisselles sensibles et irritées par l'épilation ou le rasage."
"2,99","2,36",Soupe Patate douce et Gingembre 50cl,vegan,par Danival,"Prix au kilo : 4,72€/kgDécouvrez une soupe qui marie la saveur exquise et la rondeur de la patate douce avec une purée de gingembre frais. Du goût et du peps dans l'assiette pour toute la famille !Ingrédients : Eau, patate douce* (16,5%), lentilles corail*, carotte*, oignon*, huile de tournesol désodorisée*, gingembre*"
"1,99","1,21",Boulgour Traditionnel - 500g,vegan,par Priméal,"Prix au kilo : 2,44€/kgBoulgour Traditionnel Bio - Origine Turquie - Sachet de 500 g.Ingrédients : Blé dur précuit et concasséValeurs nutritionelles ajoutées très bientôt"
"0,60","0,50",200g de Coquillettes blanches en vrac,vegan,par Priméal,"Prix au kilo : 2,5€/kg Coquillettes Blanches Natures - Origine FranceIngrédients : Semoule de blé dur blanche Valeurs nutritionnelles (pour 200g) : Energie (kJ/Kcal) 1450/342 ; Matières grasses : 1,4g ; Glucides : 71,1g ; Protéines : 10,9g ;"
"1,42","1,13",Gros haricots blancs - 400g,vegan,par La Bio Idea,"Prix au kilo : 2,82€/kgFondez pour ces haricots blancs 'butter beans ""issus de l'agriculture biologique. Pour accompagner vos dîners du dimanche, pour concocter un dip méditerranéen ou une entrée veggie. Faites le plein de fibres et de protéinesIngrédients : Gros Haricots blancs* (60%), eau, sel.Valeurs nutritionnelles"
"3,80","1,96",200g de Tomates séchées en vrac,vegan,par Les Accents du Soleil,"Prix affiché pour 200g en vrac. Prix au kilo : 9,8€/kg Pourquoi on aime les tomates séchées en vrac Séchées lentement et naturellement au soleil, ces tomates bio ont ainsi conservé leur délicieux goût !Faites les tremper dans de l'eau ou encore mieux de l'huile d'olive avant utilisation, ça leur redonnera un peu de moe"
"2,45","1,94",Pois Cassés Verts - 500g,vegan,par Markal,"Prix au kilo : 3,88€/kgPois cassés Verts issus de l'agriculture biologique. Idéal en accompagnement, purée ou velouté. Sachet de 500g.Ingrédients : Pois cassés vertsValeurs nutritionnelles (pour 100g) : Energie (kJ/Kcal) 1260/300 ; Matières grasses : 1,2g dont acides gras saturés : 0,16g ; Glucides : 35g dont Sucres : "
"2,19","1,63",Boisson au riz et calcium,vegan,par The Bridge,"Cette boisson de riz enrichie en calcium est un excellent substitut au lait de vache ou de soja, sans cholestérol et 100% biologique."
"1,60","1,22",Spaghetti demi-complets - 500g,vegan,par Priméal,"Prix au kilo : 2,44€/kg C'est parti pour les spaghetti de la Mama mais cette fois ci avec tous les apports nutritionnels d'une farine de blé demi-complète. Légère mais plein de bienfaits nutritionnels, la farine de blé vient d'Italie et les pâtes sont produites selon leur savoir faire ancestral. Un pesto, une sauce tom"
"3,89","2,67",Bicarbonate de soude - 500g,vegan,par Ecodoo,Les bienfaits et capacités du bicarbonate de soude sont multiples. Il est indispensable dans toute maison car vous pouvez l'utiliser pour des dizaines de raisons différentes.
"2,75","2,00",Cristaux de soude - 500g,vegan,par Ecodoo,"Vous voulez un produit nettoyant écologique, naturel et efficace, multi-usage et pas cher ? Pas la peine d'aller plus loin, les cristaux de soude sont fait pour vous !"
"3,99","3,04",Levure De Bière Paillettes - 175g,vegan,par Priméal,"Prix au kilo : 17,37€/kgLa Levure de Bière en Paillettes de chez Priméal présente une concentration unique en protéines, vitamines et minéraux et en fait un ingrédient nutritionnel intéressant. Elle est source de bien être et représente également un atout beauté. Etui carton imprimé avec bec verseur en carton. Contenan"
"2,63","2,12",Petits pois carottes - 400g,vegan,par La Bio Idea,"Prix au kilo : 5,29€/kg Les enfants comme les adultes se régaleront avec les petits pois carotte La Bio Idea cuits à l'étuvéeIngrédients : Petits pois* (50% minimum), jeunes carottes* (30% minimum), eau, selValeurs nutritionnelles (pour 100g) : Valeur énergétique : 126kJ soit 30kcal, Protéines : 1,7 g, Glucides : 3,4 g"
"1,19","0,79",Barre Aux Amandes - 40g,vegan,par Pural,"Prix au kilo : 19,75€/kgUne combinaison d'amandes et de sucre de canne roux, alliant le goût et une texture croquante, raviront vos papilles ! La Barre aux Amandes Pural est idéal comme encas lors des petits creux de la journée. Sans gluten ni lactoseIngrédients : Amandes* (65 %), sirop de maltose* et sucre de canne* b"
"7,20","4,88",200g de baies de Goji en vrac,vegan,par Les Accents du Soleil,"Prix affiché pour 200g en vrac. Prix au kilo : 24,4€/kg Pourquoi on aime les baies de Goji en vrac Un concentré de nutriments et de vitamines, ces baies vous apporteront toute l'énergie dont vous avez besoin pour affronter la journée ! Ingrédients : baies de Goji du Qinghai issues de l'Agriculture Biologique"
"2,39","1,81",Protège slip bio galbés - x30,vegan,par Natracare,"Les protège-slips incurvés de Natracare sont réalisés à partir de matières végétales et naturelles et ne contiennent aucune matière plastique ni aucune trace de parfum ou de chlore. Ils sont très absorbants, doux et laissent respirer."
"5,00","3,42",200g d'Amandes grillées et salées en vrac,vegan,par Les Accents du Soleil,"Prix au kilo : 17,1€/kgDes amandes d'Extremadure, en Espagne. Une région qui a un savoir faire ancestral sur cette culture et permet de récolter des amandes d'exceptions. Grillées et salées juste ce qu'il faut pour un apéritif sain et gourmand.Ingrédients : 100% Amande BiologiqueValeurs nutritionnelles (pour 200g) : Va"
"4,69","3,42",Détachant et blanchissant naturel au percarbonate - 350g,vegan,par Ecodoo,"Appelé aussi ""l'eau oxygénée solide"", c'est la solution naturelle et efficace contre les taches organiques telles que le thé, le café, le vin rouge, la sauce tomate, le sang... Indispensable !"
"3,49","2,61",Lait d'amande au calcium - 1L,vegan,par EcoMil,"Prix au litre : 2,61€/litre Le lait d’amande bio Ecomil au Calcium allie la douceur de l'amande avec les bienfaits du Calcium. Convient particulièrement au régime Vegan. Les laits ecomil se consomment tel que à tout moment de la journée, froids ou chauds, dans le thé ou le café. Vous pouvez aussi les utiliser dans vos "
"3,39","2,59",Liquide de Rinçage - 500mL,vegan,par Ecodoo,"Préservant l'éclat de votre vaisselle sans détériorer votre lave-vaisselle et avec sa formule écologique et respectueuse de l'environnement, le liquide de rinçage Ecodoo est idéal pour un rinçage plus rapide, efficace et sans trace après le séchage."
"1,70","1,22",Ressorts complets - 500g,vegan,par Priméal,"Prix au kilo : 2,44€/kg Sortez des pâtes ordinaires avec ces délicieux ressorts complets qui apporteront une petite touche d'excentricité dans vos délicieux plats de pâtes ainsi que les apports nutritionnels d'une farine complète. Faites vous plaisir et alliez fantaisie et bienfaits pour toute la famille !Ingrédients :"
"3,19","2,15","olives noires entières ""Peranzana"" en saumure - 280g",vegan,par Biorganica Nuova,"Prix au kilo : 7,68€/kgDecouvrez les olives vertes de Biorganica Nuova cultivées par la famille Gaudiano. Idéales pour l'apéritif ou pour agrémenter vos préparations culinaires, elles ont un goût délicat. Bocal en verre de 280g. Ingrédients : Olives noires*, eau, sel, régulateur d'acidité: acide cirique. Valeurs nutrit"
"3,49","2,37",Savon liquide au calendula et argousier bio - 300ml,vegan,par Lavera,"Prix au litre : 7,9€/litreOptez pour de belles mains propres et douces grâce au Savon liquide Calendula Argousier (Basis Sensitiv) Lavera Bio - 300ml ! Ce savon liquide est idéal pour se laver les mains tout en douceur avec une note de fraîcheur naturelle. Vegan, certifié NATRUEIngrédients : Water, Glycerin, Coco Gluco"
"2,79","2,22",Dentifrice Daily Care à la menthe - 75 ml,vegan,par Logona,"Prix au kilo : 29,6€/kgUn dentifrice à la mousse légère pour le nettoyage et le soin des dents et des gencives. Vous adorerez son arôme frais de menthe douce et ses particules minérales qui nettoient en douceur. L‘extrait de camomille provenant de cultures biologiques a un effet anti-inflammatoire et soignant. Sans flu"
"5,79","4,45",Sel régénérant pour lave-vaisselle - 2.5kg,vegan,par Ecodoo,"Prix au kilo : 1,78€/kg Ce sel pour lave-vaisselle élimine toute traces de calcaire sur votre vaisselle. Aucun colorant ni chlore. En gros blocs faciles d'utilisation, il vous suffit de remplir selon la capacité de votre lave-vaisselle pour ensuite surveiller régulièrement le niveau de sel. Si les traces blanches persi"
"9,49","6,38",Savon de Marseille en Copeaux Extra Pur Ecocert - 750ml,vegan,par La Corvette,"Prix au litre : 8,51€/LCopeaux de Savon de Marseille : Grâce à leur formulation hypoallergénique, ils sont particulièrement recommandés pour le linge des bébés. Pour le lavage à la main et à la machine, c’est une alternative naturelle et efficace à tous les détergents de synthèse!Ingrédients: Sodium Palmate, Aqua (Wate"
"4,90","3,46",Sucre de coco bio - 250g,vegan,par Maison du Coco,"Prix au kilo : 13,83€/kgLe sucre de noix de coco bio, tout comme l'huile de coco est multi-facette. Extraite à partir de la sève des fleurs de cocotier, il est naturel et sans additif. La sève cuite au feu de bois permet de conserver les bienfaits sans le sucre de coco et de garantir une saveur unique. Vous pouvez l'ut"
"3,29","2,40",Fusilli aux pois verts sans gluten - 250g,vegan,par Ma Vie Sans Gluten,"Prix au kilo : 9,62€/kg Enfin des pâtes aux légumineuses savoureuses et légères. Grâce à une technique de fabrication spéciale, la couleur et les bienfaits des pois verts sont préservés dans ces fusillis 100% légumineuses ! Vous conservez aussi tous les apports nutritionnels des pois qui sont une source importante de p"
"5,95","4,42",Ratatouille à la catalane - 1kg,vegan,par ProSain,"Prix au kilo : 4,42€/kgDélicieuse ratatouille a la catalane aux ingrédients issus de l'agriculture biologique. Contenance : 1kgIngrédients : Tomate (reconstituée à partir de concentré ) et pulpe de tomate ,aubergines frites 21%, courgettes frites 21%, oignons , huile de tournesol désodorisée, poivrons rouges, sel de me"
"1,89","1,50",Haricots Noirs - 500g,vegan,par Markal,"Prix au kilo : 3,02€/kg Haricots noirs issus de l'agriculture biologique (Label AB). A déguster en accompagnement ou salade. Sachet de 500g. Ingrédients : Haricots noirsValeurs nutritionnelles (pour 100g) : Energie (kJ/Kcal) 1329/314 ; Matières grasses : 0,9g dont acides gras saturés : 0,23g ; Glucides : 47,8g dont Suc"
"9,90","6,94",Shampoing solide cheveux gras au Litsee citronée - 55g,vegan,par Lamazuna,"Ce shampoing solide pour cheveux gras est délicatement parfumé à la litsée citronnée. Il est fabriqué à la main dans le sud de la France, uniquement avec des ingrédients naturels. Sans aucun produit chimique"
"3,19","2,15",Câpres bio au vinaigre - 140g,vegan,par Biorganica Nuova,"Prix au kg : 15,4€/kgLe câprier est connu depuis l'Antiquité pour guérir les problèmes de rate, d'estomac, de sciatique et de menstruations. Les Grecs et les Romains qui l'appréciaient beaucoup, l'utilisaient pour ses vertus médicinales, notamment sous la forme d'une décoction, couramment employée pour désinfecter les "
"3,16","2,54",Couscous aux fleurs - 300g,vegan,par Priméal,"Prix au kilo : 8,45€/kgDécouvrez ce plat traditionnel et original avec le Couscous aux Fleurs Bio 300g ! Cette recette instantanée vous permettra de consommer des fleurs de façon originale. Elles apportent par leurs formes et leurs couleurs variées un plaisir visuel aux graines de couscous fines et rondes. A consommer "
"1,70","1,29",Spirales demi-complètes 100% France - 500g,vegan,par Priméal,"Prix au kilo : 2,59€/kg De La Fourche à l'assiette ces pâtes sont bien françaises. Ça commence par la récolte du blé dur qui est récolté en Camargue et dans le sud-ouest par un groupement d’agriculteurs et de coopératives pour pérenniser un modèle alternatif de production. Ensuite, le plus ancien fabricant de semoule, "
"1,59","1,10",Disques à démaquiller au coton bio - x80,vegan,par Douce Nature,"Prix unitaire : 0,01€/unité Pourquoi on aime A COMPLETER A COMPLETER A COMPLETER A COMPLETER A COMPLETER A COMPLETERComposition : 100 % coton textile Biologique Pourquoi on aime Douce Nature Depuis 1985, Douce Nature place la protection de la nature au cœur de ses préoccupations. Les produits de l'entreprise française "
"3,59","2,89","Dentifrice Enfants à la fraise, 50 ml",vegan,par Logona,"Prix au kilo : 57,8€/kg Logodent KIDS est spécialement conçu pour les besoins des enfants. Des arômes naturels (et non de synthèse) de fraise parfume agréablement le gel que des colorants végétaux rendent très ""appétissant"". Comme les enfants avalent parfois un peu de dentifrice, les gels dentaires Logodent KIDS possèd"
"2,59","1,91",Céréales cuisinées quinoa-millet haricots rouges légumes - 220g,vegan,par Ma Vie Sans Gluten,"Prix au kilo : 8,68€/kgCéréales cuisinées quinoa-millet, haricots rouges légumes : Une association savoureuse, de deux céréales et d'une légumineuse, pour profiter de la complémentarité de leurs bienfaits! 220grINGREDIENTS :Légumes* (34%) (carottes*, courgettes*, poivrons rouges*, tomates*), eau, quinoa* (16%), millet*"
"2,99","2,24",Boisson Bio Riz Noisette Amande - 1L,vegan,par Lima,"Prix au litre : 2,25€/LUne boisson végétale onctueuse à base de riz, amande et noisette! 1LIngrédients :Eau, Riz (16.1%), Noisettes (1.7%), Huile de tournesol , Amandes (0.6%), Sel Marin, Orge grilléValeurs nutritionelles ajoutées très bientôt"
"3,29","2,36",Soupe Potimarron & Courge Butternut récoltés en France - 50cl,vegan,par Danival,"Prix au kilo : 4,82€/kg Cette soupe colorée et onctueuse élaborée à partir de courges récoltées dans le Sud-Ouest de la France vous fera passer l'automne avec gourmandise. Ingrédients : Eau, potimarrons* (12%), courge Butternut* (12%), lentilles*, oignons*, huile de tournesol*, sel marin non raffiné de l'Atlantique, ai"
"3,39","2,32",Couscous multicéréales - 300g,vegan,par Priméal,"Prix au kilo : 7,72€/kgLes grains de blé, blé khorasan KAMUT, épeautre et maïs, longs à cuire, se retrouvent dans ce Couscous Multi-Céréales Priméal sous forme de graines de couscous précuites et faciles à préparer. Rondes, fines et parfumées avec des épices, des plantes aromatiques et quelques légumes, les graines réh"
"2,99","2,36",Soupe aux 5 légumes verts récoltés en France - 50cl,vegan,par Danival,"Prix au kilo : 4,72€/kgUn mouliné de 7 légumes verts savoureux et onctueux qui vous donnera la pêche. Petits pois, épinards, haricots verts, poireaux et brocoli rissolés avec des petits oignons et mijotés dans un bouillon de persil et une pointe de muscade pour relever tout celaIngrédients : Eau, petits pois*(18%), épi"
"2,39","1,81",Protège slip bio et naturels Mini - x30,vegan,par Natracare,"Les protège-slips mini de Natracare sont réalisés à partir de matières végétales et naturelles et ne contiennent aucune matière plastique ni aucune trace de parfum ou de chlore. Ils sont très absorbants, doux et laissent respirer. Leur forme offre un confort inégalé."
"2,99","2,34",Twibio fourrés au Chocolat - 150g,vegan,par Le Moulin du Pivert,"Prix au kilo : 15,67€/kgTwibio fourrés au Chocolat noir. Source de fibres. 6 sachets fraîcheur individuels. Garantis sans OGM, sans huile de palme. Poids : 150g.Ingrédients : Farine de blé , sucre de canne non raffiné , huile de tournesol , sirop de blé , beurre de cacao , chocolat 5% (sucre de canne non raffiné , mass"
"3,09","2,40",Soupe aux pois cassés récoltés en France - 50cl,vegan,par Danival,"Prix au kilo : 4,81€/kgVenez (re)découvrir la plus méconnue des légumineuses avec cette soupe aux pois cassés récoltés dans le Sud-Ouest. Onctueuse et gourmande elle ravira toutes les papilles.Ingrédients : Eau, pois cassés* (10%), courgettes*, carottes*, oignons*, huile de tournesol*, sel marin non raffiné de l'Atlant"
"3,19","2,00","olives vertes entières ""Bella di Cerignola"" en saumure - 280g",vegan,par Biorganica Nuova,"Prix au kilo : 7,14€/kg Decouvrez les olives noires de Biorganica Nuova cultivées par la famille Gaudiano. Idéales pour l'apéritif ou pour agrémenter vos préparations culinaires, elles ont un goût délicat. Bocal en verre de 280g. Ingrédients : Olives vertes*, eau, sel, régulateur d'acidité: acide cirique.Valeurs nutrit"
"1,82","1,50",200g de mélange riz-trio de quinoa en vrac,vegan,par Priméal,"Prix au kilo : 7,50€/kg Quinori, mélange de quinoa et de riz - Origine UEIngrédients : Quinoa et riz Valeurs nutritionelles ajoutées très bientôt"
"1,69","1,19",Graine De Tournesol - 250g,vegan,par Priméal,"Prix au kilo : 4,76€/kgGraines de Tournesol - Origine Chine - Sachet de 250 g.Ingrédients : Graines de lin doré Valeurs nutritionnelles (pour 100g) : Energie (kJ/Kcal) 2357/564 ; Matières grasses : 49g ; Glucides : 18g ; Protéines : 21g ;"
"2,09","1,60",Sauce Tomate À La Bolognaise Végétale - 190g,vegan,par ProSain,"Prix au kilo : 8,42€/kgDélicieuse sauce tomate à la bolognaise végétale issue de l'agriculture biologique. Délicatement arfumée à l’huile d’olive et préparée avec du soja .Contenance : 190gIngrédients : Tomate reconstituée à partir de concentré (47%), soja, oignons (11%), carottes , huile d’olive vierge extra extraite "
"2,29","1,54",Sauce Tomate à la provençale - 200g,vegan,par ProSain,"Prix au kilo : 7,7€/kg Sauce tomate bio à teneur réduite en sodium. Ingrédients issus de l'agriculture biologique. Contenance : 200gIngrédients : Tomate (reconstituée à partir de concentré) 97%, sucre de canne non raffiné , oignons , ail , échalote , épices , plantes aromatiquesValeurs nutritionnelles (pour 100g) : Ene"
"4,60","3,62",Savon d'Alep - 200g,vegan,par Douce Nature,"Prix au kg : 18,1€/kgDepuis sa création en 1985, Douce Nature ne cesse de développer de nouveaux produits afin de répondre au mieux aux attentes de ses nombreux clients, dans un souci permanent du respect des valeurs écologiques. Les produits Douce Nature sont formulés sur des bases végétales naturelles et utilisent de"
"2,59","1,78",Protéines De Soja Texturées- 200g,vegan,par Priméal,"Prix au kilo : 8,95€/kg Protéines de Soja Fines - Origine UE - Sachet de 200 g.Ingrédients : Farine de soja déshuiléeValeurs nutritionelles ajoutées très bientôt"
"4,20","2,33",Savonnette douceur à l'amande douce - 100g,vegan,par La Corvette,"Prix au kg : 23,3€/kgFabriquée à base d'huiles 100% d'origine végétale et de produits mineraux, sans graisse animale, la savonnette de Provence à l'amande douce est délicatement parfumée et douce pour la peau. C'est un savon naturelIngrédients : Sodium Palmate, Sodium Palm Kernelate, Aqua (Water), Parfum (Fragrance), P"
"4,99","4,20",Bicarbonate de soude - 1kg,vegan,par Ecodoo,"Prix au kilo : 4,2€/kgLes bienfaits et capacités du bicarbonate de soude sont multiples. Il est indispensable dans toute maison car vous pouvez l'utiliser pour des dizaines de raisons différentes. Le bicarbonate de soude Ecodoo est du bicarbonate ménager donc ne doit pas être confondu avec le bicarbonate alimentaire (m"
"5,49","4,11",Trio De Quinoa Blanc Rouge Et Noir - 500g,vegan,par Priméal,"Prix au kilo : 8,22€/kgCéréales grains de quinoa rouge, blanc et noir Bio - Sachet de 500 grammes.Ingrédients : Quinoa blanc , rouge , noir Valeurs nutritionnelles (pour 100g) : Energie (kJ/Kcal) 1440/341 ; Matières grasses : 6g ; Glucides : 59g ; Protéines : 12,5g ;"
"5,00","3,50",200g de Mangues séchées en vrac,vegan,par Les Accents du Soleil,"Prix affiché pour 200g en vrac. Prix au kilo : 17,5€/kg Pourquoi on aime les mangues séchées en vrac La mangue peut fournir la totalité de l'apport journalier recommandé en β-carotène, en fibres et en vitamine A et C, ce qui lui confère la palme de la protection contre l'action des radicaux libres. Ingrédients : mangue"
"4,19","2,99",Spray Vitres et Surfaces Vitrées - 500mL,vegan,par Ecover,"Prix au litre : 6€/LUn spray efficace sur toutes les surfaces vitrées! Et oui, ce spray est efficace et écologique!Composition : &gt;30 %: eau, 5-15 %: alcool, &lt;5 %: agents de surface non ioniques, citrate, parfum (type: agrumes; contient: Limonene)"
"2,29","1,86",Lentilles Corail Décortiquées - 500g,vegan,par Markal,"Prix au kilo : 3,72€/kgLentilles rouges Corail issues de l'agriculture biologique. Idéales en accompagnement, purée ou soupe. Sachet de 500g.Ingrédients : Lentilles rougesValeurs nutritionnelles (pour 100g) : Energie (kJ/Kcal) 1350/320 ; Matières grasses : 1,8g dont acides gras saturés : tracesg ; Glucides : 45g dont S"
"2,19","1,52",Lait d'Avoine Naturel - 1L,vegan,par Lima,"Prix au litre : 1,53€/LBoisson végétale à base d’avoine maltée! 1LIngrédients : Eau, Avoine (10.9%), Huile de tournesol , Sel Marin de l'agriculture biologiqueValeurs nutritionelles ajoutées très bientôt"
"1,50","1,10",200g de Trio de riz complet de Camargue en vrac,vegan,par Priméal,"Prix au kilo : 5,50€/kg Trio de riz de Camargue - Origine CamargueIngrédients : Riz longs complets (brun, rouge, noir)Valeurs nutritionelles ajoutées très bientôt"
"3,49","2,66",Cookies Fourrés Chocolat Noir - 175g,vegan,par Le Moulin du Pivert,"Prix au kilo : 15,2€/kg Cookies bio fourrés au Chocolat noir, sans œuf. Garanti sans OGM, sans huile de palme. Recette végétalienne. Paquet de 10 biscuits. Fabriqué en France, dans l'Aveyron. Poids net : 175g.Ingrédients : Farine de blé T65 , sucre de canne non raffiné , huile de tournesol , pépites de chocolat 12% (su"
"1,49","1,15",Crème Cuisine Aux Amandes sans Gluten - 200ml,vegan,par EcoMil,"Prix au litre : 5,8€/L Préparation culinaire à base d'Amandes bio. Délicieuse, onctueuse, prête à l'emploi, légère et facile à digérer ! Brique de 200mL.Ingrédients : Eau, huile d'amande (7%), sirop d'agave , émulsifiant : lécithine de tournesol (garantie sans OGM) , stabilisants : gomme xanthane, gomme arabique, sel m"
"3,69","2,83",Couscous Maïs Riz Et Chia Parfumé Au Citron - 300g,vegan,par Priméal,"Prix au kilo : 9,47€/kg Couscous Riz, Maïs et Chia Parfumé Citron 300g : Cette recette instantanée est à consommer de préférence chaud, seul ou en accompagnement. Sachet de 300g.Ingrédients : Semoule de maïs (66,3%) et de riz (28,4%), graines de chia noir (Salvia hispanica) (3%), sel marin, huile essentielle de citronV"
"1,75","1,36",Houmous - 100g,vegan,par Danival,"Prix au kilo : 13,61€/kg Un délicieux houmous à base de pois chiches récoltés dans le Sud-Ouest de la France pour égayer vos apéritifs ou tout simplement sur du pain complet toasté ou en accompagnement d'un bowl ou d'une salade. Sans colorants, sans conservateurs, juste des bons ingrédients.Ingrédients : Pois chiches d"
"5,20","2,86",200g de Noisettes décortiquées en vrac,vegan,par Les Accents du Soleil,"Prix au kilo : 14,3€/kg Nos noisettes, d'une région de cultivation traditionelle en Turquie sont récoltées à la main une fois arrivées à maturité. La noisette seche alors sur les lieux de production et décrotiquée grâce à un procédé mécanique : un moulin ! A déguster nature ou toastées dans des salades ou vos desserts "
"1,29","1,10",Lentilles - 400g,vegan,par La Bio Idea,"Prix au kilo : 2,74€/kgLentilles vertes issues de l'agriculture biologique. Déjà cuites, elles sont idéales pour un repas sur le pouce ! A déguster chaudes, moulinées en soupe ou dahl ou dans vos saladesIngrédients : Lentilles*, eau, sel de merValeurs nutritionnelles (pour 100g) : Valeur énergétique : 423 kJ soit 100 k"
"0,99","0,74",Crème Cuisine à base de Riz - 200ml,vegan,par Lima,"Prix au litre : 3,75€/L Préparation végétale Riz Cuisine, alternative végétale à la crème liquide à base de riz. Idéale pour toutes les utilisations, salée et sucrée. Facile à digérer. Certifié AB. 200mlIngrédients : Eau, ingrédients de riz 7% (farine de riz , amidon de riz , sirop de riz ), huile de tournesol , émulsi"
"2,89","2,07",Lait de Coco - 400ml,vegan,par Autour Du Riz,"Prix au litre : 5,2€/LLait de coco de grande qualité issu de l'agriculture biologique. Issu de la noix de coco Mawa, grand cru. Ce lait de coco est une alternative vegan aux crèmes fraiches et son goût la rendra incontournable pour vos recettes thaïes, asiatiques et vegas, sauces ou l’élaboration d’un jus désaltérant e"
"5,99","4,55",Tablettes Lave Vaisselle Ecocert - 25tabs,vegan,par Ecover,"Prix unitaire : 0,18€/unité25 Pastilles - Nouvelle Formuleingrédients:5 - 15% : Agent de blanchiment oxygéné:&lt; 5% : Agents tensioactifs non-ioniques à base de matières premières végétales.&lt; 5% : Enzymes (garanties non génétiquement modifiées)Autres ingrédients : sels, silicate, citrate, polypeptides, activateur d"
"2,19","1,59",Vinaigre d'alcool blanc - 1L,vegan,par Ecodoo,"Pas cher, écolo et naturel, le vinaigre blanc est un des produits indispensables à l'entretien de la maison. Il permet de nettoyer pratiquement toutes les surfaces, de la moquette au pommeau de douche."
"3,79","2,79",Liquide Vaisselle Citron Aloe Véra - 1L,vegan,par Ecover,"Prix au litre : 2,8€/L1L - Au citron et à l'aloé véraingrédients : Eau, Laurylsulfate de sodium, Alkyl polyglycoside C10-16, Chlorure de sodium, Acide citrique, Parfum, Limonène, Hydrolysat de protéines, Extrait d'Aloe barbadensis, Citral, 2-bromo-2-nitropropane-1,3-diol.Valeur pH: 4,5"
"3,59","2,74",Purée De Pommes Demeter sans sucres ajoutés - 630g,vegan,par Coteaux Nantais,"Prix au kilo : 4,34€/kgIssue d'un mélange de variétés de pommes sélectionnées avec soin et cueillies à maturité et labelisées DEMETER, cette compote est cuite délicatement à l'étouffée en marmite sans sucres ajoutés. Retrouvez la douceur et la saveur de la pomme dans tous ces états. Tous les produits Côteaux Nantais so"
"3,99","2,79",Risotto Aux Cèpes - 300g,vegan,par Priméal,"Prix au kilo : 9,33€/kg Le risotto, star des plats italiens est ici imprégné de la saveur du cèpe. Le mélange est crémeux tout en gardant le côté croquant du grain de riz. 300gIngrédients: Riz arborio blanc*, cèpes* 3.5%, oignons*, sel marin, huile d'olive vierge extra*, ail des ours*, poivrfe*, antioxydant: extrait de"
"2,39","1,35",Eponges végétales écologiques - x2,vegan,par Ecodoo,"Deux éponges faites à base de matière cellulosique végétale et dans un emballage entièrement biodégradable, elles vous permettront d'avoir un plan de travail et une vaisselle toujours propres."
"1,42","1,13",Haricots rouges - 400g,vegan,par La Bio Idea,"Prix au kilo : 2,82€/kgRiche en protéines, le haricot Kidney vous accompagnera à tout moment de la journée. Au petit déjeuner ""à l'anglaise"", dans vos salades ou dans une soupe, faites le plein d'énergie. Il possède une saveur douce et une texture légèreIngrédients : Haricots rouges kidney biologiques*, eau, sel de mer"
"1,29","1,10",Pois chiches - 400g,vegan,par La Bio Idea,"Prix au kilo : 2,74€/kgVive les pois chiches Bio Idea ! Source de protéines et de fibres, ces pois chiches déjà cuisinés viendront rajouter de l'énergie à vos salades ou, mixé avec du Tahin, vous permettront de déguster un délicieux Houmous méditerranéenIngrédients : Pois chiches biologiques, eau, sel de merValeurs nut"
"2,40","1,36",200g d'abricots secs en vrac,vegan,par Les Accents du Soleil,"Prix au kilo : 6,8€/kg Quantité : 200gCes abricots bruns bio sont séchés au soleil dans la région de Malayta en Turquie, connue pour son savoir faire ancestral. Sans ajout artificiel, ils sont donc bruns. À consommer nature ou à mélanger dans vos recettes.Ingrédients : Abricots secsValeurs nutritionnelles (pour 100g) :"
"3,98","2,56",200g d'amandes décortiquées en vrac,vegan,par Les Accents du Soleil,"Prix affiché pour 200g en vrac. Prix au kilo : 12,8€/kg Pourquoi on aime les amandes en vrac Si vous êtes un sportif ou adepte de l'apéro, dans tous les cas, l'amande en vrac est faite pour vous ! Riches en acides gras mono-insaturés, les amandes contribuent à augmenter le taux de bon cholestérol et font baisser le mau"
"9,99","7,90",Huile d'olive vierge,vegan,par La Bio Idea,"Prix au litre : 7,9€/litre L’huile d’olive vierge extra La Bio Idea est une huile d'olive grecque de catégorie supérieure, qui est extraite à froid ce qui permet de conserver toutes les qualités, notamment nutritionnelles, de l’olive. La pression se fait uniquement par des procédés mécaniques Ingrédients : huile d'oliv"
"1,49","1,15",Crème Cuisine Lait De Coco sans Gluten - 200ml,vegan,par EcoMil,"Prix au litre : 5,8€/LPréparation culinaire à base de Lait de Coco. Délicieuse, onctueuse, prête à l'emploi, légère et exotique ! Brique de 200mL.Ingrédients : Lait de coco (60%), eau, gomme guar, arôme naturel de cocoValeurs nutritionnelles (pour 100g) : Energie (kJ/Kcal) 310/75 ; Matières grasses : 7,3g dont acides g"
"11,59","8,44",Shampoing Cheveux Gras - 500mL,beaute-hygiene,par Coslys,"Prix au litre : 16,9€/litreCoslys vous garantit des produits fabriqués à partir d'ingrédients naturels ou d'origine naturelle (sans parfum de synthèse, sans OGM, sans test sur les animaux...). La gamme Coslys est destinée aux consommateurs soucieux de l'efficacité, de la sécurité et de la protection de l'environnement."
"4,29","3,42",Tampon Super au coton bio avec applicateur biodégradable - x16,beaute-hygiene,par Natracare,Les tampons Natracare Super sont les seuls au monde à ce jour à être réalisés à 100% à partir de coton biologique certifié. Ils ne sont pas blanchis au chlore et ne contiennent aucune matière plastique ni aucune trace de parfum ou de chlore.
"9,44","6,82",Shampoing Douche 2 en 1 aux Fruits Rouges - 750ml,beaute-hygiene,par Coslys,"Prix au litre : 9,1€/litreCoslys vous garantit des produits fabriqués à partir d'ingrédients naturels ou d'origine naturelle (sans parfum de synthèse, sans OGM, sans test sur les animaux...). La gamme Coslys est destinée aux consommateurs soucieux de l'efficacité, de la sécurité et de la protection de l'environnement. "
"7,30","5,12",Brosse à dent écolo rechargeable medium - Jaune,beaute-hygiene,par Lamazuna,Une brosse à dent zéro déchet ? Lamazuna l'a fait. Cette-ci a été conçu pour réduire au maximum l'impact sur l'environnement : le manche est fabriqué à partir de dérivés de ricin et de bioplastique et la tête est rechargeable et recyclable
"4,15","3,25",Tampon Normal au coton bio avec applicateur biodégradable - x16,beaute-hygiene,par Natracare,Les tampons Natracare sont les seuls au monde à ce jour à être réalisés à 100% à partir de coton biologique certifié. Ils ne sont pas blanchis au chlore et ne contiennent aucune matière plastique ni aucune trace de parfum ou de chlore.
"2,40","1,83",Tampon Super au coton bio sans applicateur - x10,beaute-hygiene,par Natracare,Les tampons Natracare sont les seuls au monde à ce jour à être réalisés à 100% à partir de coton biologique certifié. Ils ne sont pas blanchis au chlore et ne contiennent aucune matière plastique ni aucune trace de parfum ou de chlore.
"3,59","2,89","Dentifrice Enfants à la menthe douce, 50 ml",beaute-hygiene,par Logona,"Prix au kilo : 57,8€/kg Avec Logodent KIDS, se laver les dents devient un plaisir. Logodent KIDS est spécialement conçu pour les besoins des enfants. Une huile de menthe très douce parfume agréablement le gel, que des colorants végétaux rendent très ""appétissant"". Comme les enfants avalent parfois un peu de dentifrice "
"8,90","7,28",Baume Démêlant Argan et Aloé Bio - 250ml,beaute-hygiene,par Douce Nature,"Prix au litre : 35,6€/litreBaume démêlant Argan et Aloé bio : Il facilite le démêlage, nourrit et répare les cheveux abîmés! INGREDIENTS : Aqua (Water), Glycerin, Cetearyl Alcohol, Coco-Caprylate, Arachidyl Glucoside, Argania Spinosa Kernel Oil*(*), Magnesium Aluminum Silicate, Hibiscus Sabdariffa Flower*, Arachidyl Al"
"4,99","3,62",Shampoing Fraicheur anti-cheveux gras - 250ml,beaute-hygiene,par Lavera,"Prix au litre : 14,5€/litre Les cheveux sont différents d'une personne à une autre et requièrent des produits individuels. Un nettoyage doux et protecteur et des soins intenses sont la base du rituel quotidien!Le shampooing Fraîcheur &amp; Anti-cheveux gras est enrichi en citronnelle bio et de menthe bio. Cela permet d"
"4,99","3,73",Après-shampoing Protection et Soin - 200ml,beaute-hygiene,par Lavera,"Prix au litre : 18,7€/litreDécouvrez l'Après-shampooing protection et soin: Une Formule enrichie en rose bio et de protéine de pois qui cible les cheveux secs tout en renforçant la structure du cheveu! Produit Vegan et certifié Natrue. Conseils d'utilisation :Appliquer sur cheveux mouillés, faire mousser en effectuant "
"7,30","5,12",Brosse à dent écolo rechargeable medium - Framboise,beaute-hygiene,par Lamazuna,Une brosse à dent zéro déchet ? Lamazuna l'a fait. Cette-ci a été conçu pour réduire au maximum l'impact sur l'environnement : le manche est fabriqué à partir de dérivés de ricin et de bioplastique et la tête est rechargeable et recyclable
"7,30","5,12",Brosse à dent écolo rechargeable medium - Sapin,beaute-hygiene,par Lamazuna,Une brosse à dent zéro déchet ? Lamazuna l'a fait. Cette-ci a été conçu pour réduire au maximum l'impact sur l'environnement : le manche est fabriqué à partir de dérivés de ricin et de bioplastique et la tête est rechargeable et recyclable
"8,50","5,95",Eponge De Konjac - 30g,beaute-hygiene,par Lamazuna,"Quoi de mieux pour arriver au zéro déchet dans la salle de bain qu'une éponge 100% naturelle, vegan et que l'on peut jeter au compost ? L'éponge de Konjac est fabriquée à partir de racine de konjac en poudre et d'eau, c'est tout !"
"11,99","8,86",Gel Lavant hypoallergénique PH Neutre sans parfum - 1L,beaute-hygiene,par Coslys,"Prix au litre : 8,9€/litreLe Gel Lavant Universel de Coslys, a un format économique et très pratique grâce à sa pompe et son format de 1L. Sa formule universelle permet de l'utiliser pour le corps, le visage, les cheveux et les mains. Testé dermatologiquement, ce gel respecte les peaux les plus fragiles. Il convient à "
"9,90","6,95",Recharge 3 têtes de brosse à dents - Souple,beaute-hygiene,par Lamazuna,Une brosse à dent zéro déchet ? Lamazuna l'a fait. Cette-ci a été conçu pour réduire au maximum l'impact sur l'environnement : le manche est fabriqué à partir de dérivés de ricin et de bioplastique et la tête est rechargeable et recyclable
"1,79","1,26",Disques ovales à démaquiller au Coton bio - x50,beaute-hygiene,par Douce Nature,"Prix unitaire : 0,03€/unité Pourquoi on aime A COMPLETER A COMPLETER A COMPLETER A COMPLETER A COMPLETER A COMPLETERComposition : 100 % coton textile Biologique Pourquoi on aime A COMPLETER A COMPLETER A COMPLETER"
"7,30","5,12",Brosse à dent écolo rechargeable souple - Jaune,beaute-hygiene,par Lamazuna,Une brosse à dent zéro déchet ? Lamazuna l'a fait. Cette-ci a été conçu pour réduire au maximum l'impact sur l'environnement : le manche est fabriqué à partir de dérivés de ricin et de bioplastique et la tête est rechargeable et recyclable
"5,50","4,38",Dentifrice à l'Aloé Véra bio équitable - 75ml,beaute-hygiene,par Pur'Aloé,"L’Aloe Vera est un puissant astringent (produit qui produit une crispation des muqueuses). Il permet de resserrer le tissu gingival, de se débarrasser des cellules mortes et de stimuler la circulation du sang dans les gencives."
"2,49","1,90",12 Lingettes intimes 100% Coton Bio,beaute-hygiene,par Natracare,"Prix unitaire : 0,2€ par unité Paquet de 12 lingettes intimes en Coton Bio, de la marque Natracare. Douces et testées dermatologiquement, elles sont spécialement conçues pour que les femmes puissent les utiliser dans le cadre de leur hygiène intime quotidienne, notamment pendant les règles ; elles sont particulièrement"
"4,50","3,15",Oriculi - Cure oreille Zero Dechet,beaute-hygiene,par Lamazuna,"Avec lui, vous allez remplacer des centaines de coton-tiges qui auraient fini dans les décharges ou avalés par les tortues ! Au Japon et en Chine, il est déjà utilisé depuis des siècles par toute la population."
"11,49","7,95",Déodorant naturel en Stick Rose-vanille - 92g,beaute-hygiene,par Schmidts,"Prix au kg : 86,4€/kg Pourquoi on aime le déodorant en stick Schmidt's senteur Rose-Vanille Le déodorant naturel vraiment efficace est enfin là ! Avec son parfum Rose-Vanille chic et féminin, ces ingrédients 100% naturels et son format stick recyclable et pratique, il va être le nouveau meilleur allié de votre geste fr"
"9,90","6,95",Recharge 3 têtes de brosse à dents - Moyen,beaute-hygiene,par Lamazuna,Une brosse à dent zéro déchet ? Lamazuna l'a fait. Cette-ci a été conçu pour réduire au maximum l'impact sur l'environnement : le manche est fabriqué à partir de dérivés de ricin et de bioplastique et la tête est rechargeable et recyclable
"11,49","7,95",Déodorant naturel en Stick Bergamote-citron - 92g,beaute-hygiene,par Schmidts,"Le déodorant naturel vraiment efficace est enfin là ! Avec son parfum Bergamote-Citron, ces ingrédients 100% naturels et son format stick recyclable et pratique, il va être le nouveau meilleur allié de votre geste fraîcheur"
"5,29","3,69",Shampoing Hydratation et Soin - 250ml,beaute-hygiene,par Lavera,"Prix au litre : 14,8€/litre Découvrez le Shampooing hydratation &amp; soin : Une formule enrichie de lait d'amande bio et d'aloe vera qui lave les cheveux tout en douceur et les régénère de manière naturelle, sans irriter le cuir chevelu! Produit certifié Natrue. VeganComposition : Water (Aqua), Sodium Coco-Sulfate, Gl"
"8,40","5,90",Dentifrice solide à la menthe poivrée - 20g,beaute-hygiene,par Lamazuna,"Lamazuna et le zéro déchet, ça ne rigole pas. Ici, en plus du dentifrice solide qui permet d'économiser les horribles tubes dommageables pour l'environnement, le bâtonnet est lui-même compostable. La boîte en carton est également biodégradable."
"4,99","3,73",Après-shampoing Hydratation et Soin - 200ml,beaute-hygiene,par Lavera,"Prix au litre : 18,7€/litre Découvrez l'Après-shampooing hydratation et soin : Une formule enrichie en lait d'amande bio et aloe vera qui lave les cheveux tout en douceur et les régénère de manière naturelle, sans irriter le cuir chevelu. Produit Vegan et certifié Natrue. Conseils d'utilisation :Appliquer sur cheveux m"
"4,95","3,99",Dentifrice Blancheur - 75 ml,beaute-hygiene,par Logona,"Prix au kilo : 53,2€/kg Le Dentifrice Blancheur Logona, à base d'acide silicique, nettoie les dents de manière très efficace et élimine peu à peu les tâches sur l'émail sans l'agresser. La menthe procure une haleine fraîche tandis que la sauge prévient les inflammations. Il ne contient ni gluten ni lactose.Ingrédients "
"3,49","2,37",Savon liquide au calendula et argousier bio - 300ml,beaute-hygiene,par Lavera,"Prix au litre : 7,9€/litreOptez pour de belles mains propres et douces grâce au Savon liquide Calendula Argousier (Basis Sensitiv) Lavera Bio - 300ml ! Ce savon liquide est idéal pour se laver les mains tout en douceur avec une note de fraîcheur naturelle. Vegan, certifié NATRUEIngrédients : Water, Glycerin, Coco Gluco"
"2,39","1,81",Protège slip bio galbés - x30,beaute-hygiene,par Natracare,"Les protège-slips incurvés de Natracare sont réalisés à partir de matières végétales et naturelles et ne contiennent aucune matière plastique ni aucune trace de parfum ou de chlore. Ils sont très absorbants, doux et laissent respirer."
"10,60","8,48",Shampoing Extra Riche au Bambon - 250ml,beaute-hygiene,par Logona,"Prix au litre : 33,9€/litreLe shampooing reflets à la camomille LOGONA est le shampooing idéal pour les cheveux blonds. Ses extraits de plantes colorantes ravivent la couleur de vos cheveux. Son complexe phytocosmétique à l'extrait de calendula et de camomille de culture Bio, au son de blé et aux protéines de soie redo"
"7,95","5,90",Gel intime - 250ml,beaute-hygiene,par Coslys,"Prix au litre : 23,6€/litre Testé gynécologiquement, ce gel intime protège la flore vaginale et respecte l'équilibre naturel des muqueuses grâce à sa base lavante végétale et ses propriétés apaisantes des eaux florales bio de reine des prés et de rose.Sans savon ni antiseptique, il a été spécialement formulé à un pH de"
"13,15","10,52",Masque préparateur pour coloration - 150mL,beaute-hygiene,par Logona,"Prix au kg : 70,1€/kgFort de son expérience, le laboratoire Logona joue un rôle prépondérant parmi les laboratoires de cosmétique naturelle contrôlée et propose une gamme de cosmétiques reconnus pour leur qualité: des shampoings naturels aux soins anti-âge, en passant par l'après-soleil, les dentifrices ou les produits"
"13,15","10,52",Masque fixateur après coloration - 150mL,beaute-hygiene,par Logona,"Prix au kg : 70,1€/kgFort de son expérience, le laboratoire Logona joue un rôle prépondérant parmi les laboratoires de cosmétique naturelle contrôlée et propose une gamme de cosmétiques reconnus pour leur qualité: des shampoings naturels aux soins anti-âge, en passant par l'après-soleil, les dentifrices ou les produits"
"14,10","11,28",Spray hydratant à l'Aloe vera - 150mL,beaute-hygiene,par Logona,"Prix au litre : 75,2€/litre Ce spray hydratant à l’aloès protège les cheveux des agressions extérieures et les rend naturellement plus doux au toucher. Son complexe d’actifs thermo-protecteur lutte contre le dessèchement des cheveux lié à l’utilisation d’appareils chauffants comme le sèche-cheveux ou le lisseur. Le coi"
"14,05","11,24",Fluide sans rinçage à la Caféine Age Energy - 75mL,beaute-hygiene,par Logona,"Prix au litre : 149,9€/litreCe soin capillaire sans rinçage donne du tonus aux racines et fortifie les pointes des cheveux sans les alourdir. Il s’applique sur cheveux secs ou essorés. Sa formule à la caféine et aux baies de goji aide les cheveux fins et dévitalisés à retrouver force et vigueur. Ingrédients actifs : Ca"
"12,90","10,32",Spray Coiffant fixant aux Résines Végétales - 150mL,beaute-hygiene,par Logona,"Prix au litre : 68,8€/litre Fixation souple, gaine les cheveux et les fait briller sans les alourdir. Composition : Alcohol*, aqua (water), shellac, parfum (fragrance), glycerin, hydroxypropyl chitosan, sesamum indicum (sesame oil)*, humulus lupulus (hops extract), lawsonia inermis (henna extract), arachis hypogaea (pe"
"9,99","7,99",Shampoing Volumateur au Miel et à la Bière - 250ml,beaute-hygiene,par Logona,"Prix au litre : 29,6€/litre Shampoing à la bière et au miel Logona pour les cheveux fins, secs et fragiles. Effet volume et brillance.INCI: Aqua (water), beer, alcohol denat.*, coco glucoside, glycerin, disodium cocoyl glutamate, sodium cocoyl glutamate, sodium pca, glyceryl oleate, mel (honey)*, calendula officinalis "
"10,60","8,48",Shampoing apaisant à l'acacia bio - 250ml,beaute-hygiene,par Logona,"Prix au litre : 33,9€/litre Si vous souhaitez un shampooing particulièrement doux pour vos cheveux et un soin apaisant pour votre cuir chevelu sensible, le shampooing Sensitif à l’acacia bio a été spécialement formulé pour les besoins particuliers des cuirs chevelus irrités et secs.Composition: Aqua (water), coco-gluco"
"13,90","11,12",Mousse coiffante Volume au Miel et à la Bière,beaute-hygiene,par Logona,"Prix au litre : 74,1€/litreCette mousse coiffante volume de Logona donne du corps aux cheveux fins pour une tenue longue durée. Sa formule naturelle à base de bière et à l'arginine déploie la matière et booste le volume dès la racine. Le miel bio apporte quant à lui une douceur infinie.Ingrédients : Aqua (Water), Beer,"
"13,15","10,52",Soin colorant 010 - 100% Blé doré - 100g,beaute-hygiene,par Logona,"Prix au kg : 105,2€/kgFort de son expérience, le laboratoire Logona joue un rôle prépondérant parmi les laboratoires de cosmétique naturelle contrôlée et propose une gamme de cosmétiques reconnus pour leur qualité: des shampoings naturels aux soins anti-âge, en passant par l'après-soleil, les dentifrices ou les produit"
"15,65","12,52",Huile réparatrice à l'Inca Inchi - 75mL,beaute-hygiene,par Logona,"Prix au litre : 166,9€/litreIssue de la synergie de 10 huiles végétales pures, cette huile capillaire nourrit, répare, protège et soigne le cheveux en profondeur pour les rendre soyeux et éclatants. Non grasse, elle se fond à la chevelure et laisse un délicat parfum envoûtant. Ingrédients actifs : Huile de pépins de ra"
"9,90","7,92",Shampoing Color Reflex au Henné - 250ml,beaute-hygiene,par Logona,"Prix au litre : 31,7€/litreCe shampoing réhausse l’éclat des cheveux de couleur auburn, prolonge l’éclat et la brillance d'une coloration.Composition: Aqua (water), alcohol denat.*, coco-glucoside, glycerin, disodium cocoyl glutamate, sodium cocoyl glutamate, sodium pca, glyceryl oleate, calendula officinalis flower ex"
"26,30","18,45",Cup Féminine - Taille 2,beaute-hygiene,par Lamazuna,"Après avoir été utilisées près de 60 ans chez nos voisines scandinaves et outre-Atlantiques par les Canadiennes, voilà les fameuses coupes menstruelles (ou Cups Féminines) qui font enfin parler d'elles en France !"
"13,15","10,52",Soin colorant 092 - 100% Café - 100g,beaute-hygiene,par Logona,"Prix au kg : 105,2€/kgFort de son expérience, le laboratoire Logona joue un rôle prépondérant parmi les laboratoires de cosmétique naturelle contrôlée et propose une gamme de cosmétiques reconnus pour leur qualité: des shampoings naturels aux soins anti-âge, en passant par l'après-soleil, les dentifrices ou les produit"
"9,75","7,80",Shampoing Eclat et Vitalité au Calendula - 250ml,beaute-hygiene,par Logona,"Prix au litre : 33,9€/litreLe shampooing éclat et vitalité Logona ravive et tonifie les cheveux ternes. Sa formule à base de calendula bio redonne de l'éclat, tandis que l'association d'arginine et de bétaïne naturelle redonne de l'énergie et hydrate les cheveux dévitalisés. Sa formule aux bases lavantes douces pour le"
"13,15","10,52",Soin colorant 060 - 100% Noisette cuivrée - 100g,beaute-hygiene,par Logona,"Prix au kg : 105,2€/kgFort de son expérience, le laboratoire Logona joue un rôle prépondérant parmi les laboratoires de cosmétique naturelle contrôlée et propose une gamme de cosmétiques reconnus pour leur qualité: des shampoings naturels aux soins anti-âge, en passant par l'après-soleil, les dentifrices ou les produit"
"13,15","10,52",Soin colorant 040 - 100% Cuivre Flamme - 100g,beaute-hygiene,par Logona,"Prix au kg : 105,2€/kgFort de son expérience, le laboratoire Logona joue un rôle prépondérant parmi les laboratoires de cosmétique naturelle contrôlée et propose une gamme de cosmétiques reconnus pour leur qualité: des shampoings naturels aux soins anti-âge, en passant par l'après-soleil, les dentifrices ou les produit"
"13,15","10,52",Soin colorant 091 - 100% Chocolat - 100g,beaute-hygiene,par Logona,"Prix au kg : 105,2€/kgFort de son expérience, le laboratoire Logona joue un rôle prépondérant parmi les laboratoires de cosmétique naturelle contrôlée et propose une gamme de cosmétiques reconnus pour leur qualité: des shampoings naturels aux soins anti-âge, en passant par l'après-soleil, les dentifrices ou les produit"
"13,15","10,52",Soin colorant 090 - 100% Chataîgne - 100g,beaute-hygiene,par Logona,"Prix au kg : 105,2€/kgFort de son expérience, le laboratoire Logona joue un rôle prépondérant parmi les laboratoires de cosmétique naturelle contrôlée et propose une gamme de cosmétiques reconnus pour leur qualité: des shampoings naturels aux soins anti-âge, en passant par l'après-soleil, les dentifrices ou les produit"
"11,49","8,51",Shampoing des écoles antipoux - 200ml,beaute-hygiene,par Douce Nature,"Prix au litre : 42,6€/litreDepuis sa création en 1985, Douce Nature ne cesse de développer de nouveaux produits afin de répondre au mieux aux attentes de ses nombreux clients, dans un souci permanent du respect des valeurs écologiques. Les produits Douce Nature sont formulés sur des bases végétales naturelles et utilis"
"9,90","7,92",Shampoing Color Reflex à la Noisette - 250ml,beaute-hygiene,par Logona,"Prix au litre : 31,7€/litreLe shampooing reflets à la noisette de LOGONA est plus particulièrement destiné aux cheveux bruns à noirs. Aux extraits de plantes colorantes, au calendula bio, à la camomille bio, au son de blé et aux protéïnes de la soie, il réhausse et prolonge l'éclat des cheveux de couleur brun noisette,"
"14,85","11,88",Shampoing Volumateur au Miel et à la Bière - 500mL,beaute-hygiene,par Logona,"Prix au litre : 23,7€/litreShampoing à la bière et au miel Logona pour les cheveux fins, secs et fragiles. Effet volume et brillance.Ingrédients : Aqua (water), beer, alcohol denat.*, coco glucoside, glycerin, disodium cocoyl glutamate, sodium cocoyl glutamate, sodium pca, glyceryl oleate, mel (honey)*, calendula offic"
"8,25","6,60",Gel coiffant fixation souple au bambou Arginine - 50ml,beaute-hygiene,par Logona,"Prix au litre : 132€/litreDonne une fixation souple aux cheveux. Il permet de modeler et structurer la coiffure et donne un nouveau ressort aux boucles. Pour faciliter le démêlage, lisser et fortifier les cheveux, nourrir les pointes ou fixer votre coiffure, LOGONA vous offre un large choix de produits spécifiques. Eff"
"2,89","2,15",Protège slip écologique ultra-fins - x22,beaute-hygiene,par Natracare,"Les protège-slips ultra-fins de Natracare sont réalisés à partir de matières végétales et naturelles et ne contiennent aucune matière plastique ni aucune trace de parfum ou de chlore. Ils sont très absorbants, doux et laissent respirer. Leur forme offre un confort inégalé."
"10,99","8,79",Spray démêlant soin lissant - 150mL,beaute-hygiene,par Logona,"Prix au litre : 58,6€/litre Le spray démêlant facilite le coiffage, sans alourdir les cheveux. Contient de la bétaïne naturelle et de la glycérine végétale. Lisse la fibre capillaire, les cheveux gardent leur élasticité et mouvement naturel. Composition : Aqua (Water), Alcohol denat*, Betaine, Glycerin, PCA Ethyl Cocoy"
"14,40","11,52",Shampoing Brillance à l'Ortie - 500ml,beaute-hygiene,par Logona,"Prix au litre : 20,8€/litre Le shampooing brillance à l'ortie de Logona est destiné à tous types de cheveux. A base d'ortie bio, d'extrait de son de blé et de glycérine végétale, il procurera brillance et vitalité aux cheveux de toute la famille. Avec les meilleures bases lavantes existantes obtenues après plus de 2 an"
"10,60","8,48",Shampoing antipelliculaire au genévrier - 250ml,beaute-hygiene,par Logona,"Prix au litre : 33,9€/litreLe shampooing équilibrant au genévrier de LOGONA est destiné au cuir chevelu sec et prédisposé aux pellicules.A base de genévrier, de romarin bio, d'ortie bio, d'extraits d'écorces de saule, de feuille de bouleau et de bourgeons de peuplier, il apaise le cuir chevelu irrité ou sec. Avec les m"
"10,60","8,48",Shampoing Réparation Intense au Ginkgo - 250ml,beaute-hygiene,par Logona,"Prix au litre : 33,9€/litreShampoing réparateur ginkgo LOGONA spécialement conçu pour les cheveux abîmés (coloration, permanente, soleil, chlore). Il gaine et lisse leur structure, pour un effet brillance intense.Igrédients : Aqua (water), alcohol denat.*, coco-glucoside, glycerin, disodium cocoyl glutamate, sodium coc"
"13,10","10,48",Masque Réparation intense au Jojoba - 150mL,beaute-hygiene,par Logona,"Prix au litre : 69,9€/litreCe masque capillaire au jojoba répare et fortifie les cheveux. Il leur donne volume, souplesse et brillance sans les alourdir.Ingrédients : Aqua (Water), Glyceryl Stearate SE, Alcohol denat.*, Simmondsia Chinensis (Jojoba) Seed Oil*, Cetyl Alcohol, Behenyl Alcohol, Betaine, Glycerin, Arctium "
"10,99","8,10",Gel intime - 500ml,beaute-hygiene,par Coslys,"Prix au litre : 16,2€/litre Testé gynécologiquement, ce gel intime protège la flore vaginale et respecte l'équilibre naturel des muqueuses grâce à sa base lavante végétale et ses propriétés apaisantes des eaux florales bio de reine des prés et de rose.Sans savon ni antiseptique, il a été spécialement formulé à un pH de"
"12,50","10,00",Après-shampoing Brillance et réparation à l'Argan - 200mL,beaute-hygiene,par Logona,"Prix au litre : 33,9€/litreL'après-shampoing brillance et réparation argan Logona nourrit et répare en profondeur les cheveux abîmés et cassants. L'Après Shampoing Brillance et Réparation Argan 200ml Logona a une action sur les cheveux secs, fatigués et cuirs chevelus sensibles.Ingrédients : Eau (filtrée par osmose inv"
"1,55","1,24",Peigne applicateur,beaute-hygiene,par Logona,"Fort de son expérience, le laboratoire Logona joue un rôle prépondérant parmi les laboratoires de cosmétique naturelle contrôlée et propose une gamme de cosmétiques reconnus pour leur qualité: des shampoings naturels aux soins anti-âge, en passant par l'après-soleil, les dentifrices ou les produits destinés aux bébés e"
"9,70","7,76",Baume extra-riche au Coco - 50ml,beaute-hygiene,par Logona,"Prix au litre : 155,2€/litre Pour le soin des pointes desséchées, le baume au coco LOGONA lisse et nourrit les cheveux. Présentation : pot de 45 mlConseils d'utilisation :Massez les pointes de vos cheveux avec une noisette du baume au coco, laissez agir toute une nuit. Le matin enlevez le surplus avec un shampoing. Sur"
"11,49","7,95",Déodorant naturel en Pot Bergamote-Citron - 56g,beaute-hygiene,par Schmidts,"Le déodorant naturel vraiment efficace est enfin là ! Avec son parfum Bergamote-Citron, ces ingrédients 100% naturels et son format pot en verre recyclable, il va être le nouveau meilleur allié de votre geste fraîcheur du matin."
"10,90","8,72",Shampoing Restructurant à l'argan - 250ml,beaute-hygiene,par Logona,"Prix au litre : 34,9€/litre Inspiré des rituels de beauté orientaux, ce shampooing soin à l’huile d’argan nourrit et répare en profondeur les cheveux abîmés et cassants. Doux au toucher, ils rayonnent de brillance et de beauté. Avec les meilleures bases lavantes existantes obtenues après plus de 2 ans de recherche, les"
"7,30","5,12",Brosse à dent écolo rechargeable souple - Framboise,beaute-hygiene,par Lamazuna,Une brosse à dent zéro déchet ? Lamazuna l'a fait. Cette-ci a été conçu pour réduire au maximum l'impact sur l'environnement : le manche est fabriqué à partir de dérivés de ricin et de bioplastique et la tête est rechargeable et recyclable
"9,44","6,82",Shampoing Douche 2 en 1 aux Céreales - 750ml,beaute-hygiene,par Coslys,"Prix au litre : 9,1€/litreCoslys vous garantit des produits fabriqués à partir d'ingrédients naturels ou d'origine naturelle (sans parfum de synthèse, sans OGM, sans test sur les animaux...). La gamme Coslys est destinée aux consommateurs soucieux de l'efficacité, de la sécurité et de la protection de l'environnement.L"
"5,29","3,69",Shampoing Protection Couleur et Soin - 250ml,beaute-hygiene,par Lavera,"Prix au litre : 14,8€/litre Découvrez le Shampooing protection couleur &amp; soin : Une formule qui apporte des nutriments aux cheveux et qui les lave de manière naturelle pour protéger leur couleur tout en les régénérant. Les produits de la ligne Protection de la couleur &amp; Soin ont été enrichis de cranberry bio et"
"5,99","4,79",Dentifrice Sensitive - 75 ml,beaute-hygiene,par Logona,"Prix au kilo : 63,87€/kg La Pâte dentifrice Sensitive offre un nettoyage et des soins particulièrement doux aux dents et aux gencives sensibles. L'hypersensibilité des dents résulte fréquemment des collets dentaires dénudés. Les canaux de la dentine sont découverts et les stimulations extérieures parviennent ainsi dire"
"14,05","11,24",Fluide sans rinçage à l'Argan - 75mL,beaute-hygiene,par Logona,"Prix au litre : 149,9€/litreLe Fluide Sans Rincage Restructurant Logona donne de la brillance, de la douceur et de la souplesse à votre chevelure. Les cheveux abîmés ou cassés sont réparés avec ce fluide qui ne nécessite aucun rinçage. Très simple d'utilisation il fait disparaître les frisottis.Aqua (water), alcohol de"
"26,30","18,45",Cup Féminine - Taille 1,beaute-hygiene,par Lamazuna,"Après avoir été utilisées près de 60 ans chez nos voisines scandinaves et outre-Atlantiques par les Canadiennes, voilà les fameuses coupes menstruelles (ou Cups Féminines) qui font enfin parler d'elles en France !"
"12,59","8,73",Gel intime à l'Aloé Véra bio équitable - 250ml,beaute-hygiene,par Pur'Aloé,Le gel intime à l'aloé vera permet de nettoyer dans le plus grand respect des zones sensibles grâce à sa formule sans savon. Ce gel respecte ainsi le délicat équilibre naturel de la flore intime en assurant douceur et fraîcheur.
"4,99","3,87",Gel lavant pour les mains à la pomme bio - 300ml,beaute-hygiene,par Coslys,"Prix au litre : 12,9€/litreCoslys vous garantit des produits fabriqués à partir d'ingrédients naturels ou d'origine naturelle (sans parfum de synthèse, sans OGM, sans test sur les animaux...). La gamme Coslys est destinée aux consommateurs soucieux de l'efficacité, de la sécurité et de la protection de l'environnement."
"11,59","8,44",Shampoing cheveux secs et abimés - 500ml,beaute-hygiene,par Coslys,"Prix au litre : 16,9€/litreCoslys vous garantit des produits fabriqués à partir d'ingrédients naturels ou d'origine naturelle (sans parfum de synthèse, sans OGM, sans test sur les animaux...). La gamme Coslys est destinée aux consommateurs soucieux de l'efficacité, de la sécurité et de la protection de l'environnement."
"11,30","8,17",Shampoing pour cheveux normaux - 500mL,beaute-hygiene,par Coslys,"Prix au litre : 16,3€/litreCoslys vous garantit des produits fabriqués à partir d'ingrédients naturels ou d'origine naturelle (sans parfum de synthèse, sans OGM, sans test sur les animaux...). La gamme Coslys est destinée aux consommateurs soucieux de l'efficacité, de la sécurité et de la protection de l'environnement."
"2,30","1,73",Tampon Normal au coton bio sans applicateur - x10,beaute-hygiene,par Natracare,Les tampons Natracare Normal sont les seuls au monde à ce jour à être réalisés à 100% à partir de coton biologique certifié. Ils ne sont pas blanchis au chlore et ne contiennent aucune matière plastique ni aucune trace de parfum ou de chlore.
"2,79","2,22",Dentifrice Daily Care à la menthe - 75 ml,beaute-hygiene,par Logona,"Prix au kilo : 29,6€/kgUn dentifrice à la mousse légère pour le nettoyage et le soin des dents et des gencives. Vous adorerez son arôme frais de menthe douce et ses particules minérales qui nettoient en douceur. L‘extrait de camomille provenant de cultures biologiques a un effet anti-inflammatoire et soignant. Sans flu"
"1,59","1,10",Disques à démaquiller au coton bio - x80,beaute-hygiene,par Douce Nature,"Prix unitaire : 0,01€/unité Pourquoi on aime A COMPLETER A COMPLETER A COMPLETER A COMPLETER A COMPLETER A COMPLETERComposition : 100 % coton textile Biologique Pourquoi on aime Douce Nature Depuis 1985, Douce Nature place la protection de la nature au cœur de ses préoccupations. Les produits de l'entreprise française "
"3,59","2,89","Dentifrice Enfants à la fraise, 50 ml",beaute-hygiene,par Logona,"Prix au kilo : 57,8€/kg Logodent KIDS est spécialement conçu pour les besoins des enfants. Des arômes naturels (et non de synthèse) de fraise parfume agréablement le gel que des colorants végétaux rendent très ""appétissant"". Comme les enfants avalent parfois un peu de dentifrice, les gels dentaires Logodent KIDS possèd"
"4,60","3,62",Savon d'Alep - 200g,beaute-hygiene,par Douce Nature,"Prix au kg : 18,1€/kgDepuis sa création en 1985, Douce Nature ne cesse de développer de nouveaux produits afin de répondre au mieux aux attentes de ses nombreux clients, dans un souci permanent du respect des valeurs écologiques. Les produits Douce Nature sont formulés sur des bases végétales naturelles et utilisent de"
"7,30","5,12",Brosse à dent écolo rechargeable souple - Sapin,beaute-hygiene,par Lamazuna,Une brosse à dent zéro déchet ? Lamazuna l'a fait. Cette-ci a été conçu pour réduire au maximum l'impact sur l'environnement : le manche est fabriqué à partir de dérivés de ricin et de bioplastique et la tête est rechargeable et recyclable
"9,90","6,94",Shampoing solide cheveux gras au Litsee citronée - 55g,beaute-hygiene,par Lamazuna,"Ce shampoing solide pour cheveux gras est délicatement parfumé à la litsée citronnée. Il est fabriqué à la main dans le sud de la France, uniquement avec des ingrédients naturels. Sans aucun produit chimique"
"9,90","6,94",Shampoing solide cheveux secs à l'Orange douce - 55g,beaute-hygiene,par Lamazuna,"Ce shampoing solide pour cheveux secs est délicatement parfumé à l'orange douce. Il est fabriqué à la main dans le sud de la France, uniquement avec des ingrédients naturels. Sans aucun produit chimique."
"4,20","2,33",Savonnette douceur à l'amande douce - 100g,beaute-hygiene,par La Corvette,"Prix au kg : 23,3€/kgFabriquée à base d'huiles 100% d'origine végétale et de produits mineraux, sans graisse animale, la savonnette de Provence à l'amande douce est délicatement parfumée et douce pour la peau. C'est un savon naturelIngrédients : Sodium Palmate, Sodium Palm Kernelate, Aqua (Water), Parfum (Fragrance), P"
"2,39","1,81",Protège slip bio et naturels Mini - x30,beaute-hygiene,par Natracare,"Les protège-slips mini de Natracare sont réalisés à partir de matières végétales et naturelles et ne contiennent aucune matière plastique ni aucune trace de parfum ou de chlore. Ils sont très absorbants, doux et laissent respirer. Leur forme offre un confort inégalé."
"9,90","6,94",Shampoing solide cheveux normaux au Sapin - 55g,beaute-hygiene,par Lamazuna,"Ce shampoing solide pour cheveux normaux est délicatement parfumé au sapin argenté. Il est fabriqué à la main dans le sud de la France, uniquement avec des ingrédients naturels. Sans aucun produit chimique."
"11,92","8,74",Shampoing 70% Aloé Véra bio équitable sans sulfate - 250ml,beaute-hygiene,par Pur'Aloé,"Cheveux à tendance grasse, maltraités, secs et cassants, l'aloé vera est votre sauveur. Il va équilibrer le pH du cuir chevelu et grâce à ses propriétés prouvées antiseptiques et antipelliculaires, il participe à la régénération cellulaire et hydrate le cheveu."
"22,90","16,22",Coffret de 20 lingettes démaquillantes zéro déchet,beaute-hygiene,par Lamazuna,"Les cotons jetables et les produits démaquillants agressifs pour la peau, c'est terminé ! Grâce à leurs microfibres, ces lingettes réutilisables sont zéro déchet et permettent un démaquillage total et parfait en ajoutant seulement de l'eau."
"3,19","2,48",Serviette bio et écolo Ultra Super avec Ailettes - x12,beaute-hygiene,par Natracare,Les serviettes Ultra de Natracare sont réalisées à partir de matières végétales et naturelle (100% de coton bio et de cellulose de plante renouvelable et durable) et ne contiennent aucune matière plastique ni aucune trace de parfum ou de chlore.
"3,19","2,48",Serviette Ultra Normal avec Ailettes - x14,beaute-hygiene,par Natracare,Les serviettes Ultra de Natracare sont réalisées à partir de matières végétales et naturelle (100% de coton bio et de cellulose de plante renouvelable et durable) et ne contiennent aucune matière plastique ni aucune trace de parfum ou de chlore.
"6,09","4,68",Dentifrice à la menthe bio et à l'argile - 75ml,beaute-hygiene,par Argiletz,"Prix au litre : 62,46€/litre Pourquoi on aime le dentifrice à l'argile Argiletz Les avantages du dentifrice Argiletz : L'argile renforce durablement les gencives grâce à la présence d'oligo-éléments riches et fortifiants Il apporte une réelle sensation de fraîcheur grâce à la menthe poivrée Il assainit et purifie durab"
"9,90","6,94",Déodorant solide au Palmarosa - 30g,beaute-hygiene,par Lamazuna,"Lamazuna et le zéro déchet, ça ne rigole pas. Ici, en plus du déodorant solide qui permet d'économiser les horribles tubes dommageables pour l'environnement, la boîte en carton est biodégradable, donc compostable grâce aux encres végétales."
"12,99","9,36",Déodorant naturel Peaux sensibles Coco Ananas - 92g,beaute-hygiene,par Schmidts,"Avec son parfum Coco-Ananas exotique et estival, ces ingrédients 100% naturels et son format stick recyclable et pratique, Il est particulièrement conseillé pour les aisselles sensibles et irritées par l'épilation ou le rasage."
"4,20","2,33",Savonnette douceur au lait d'ânesse - 100g,beaute-hygiene,par La Corvette,"Prix au kg : 23,3€/kgLe savon bio au lait d'ânesse La Corvette est fabriqué à partir d'ingrédients à 99% d'origine naturelle et à 75% issus de l'agriculture biologique ! Il est formulé seulement à partir d'huiles d'origines végétales. Certifié Bio et labelisé Ecocert, il est garati sans colorant, sans paraben, sans EDT"
"2,69","1,85",Cube de Savon de Marseille à l'huile d'Olive - 300g,beaute-hygiene,par La Corvette,"Prix au kilo : 6,17€/kgAvec le savon de Marseille à l'huile d'olive La Corvette, retrouvez le véritable savon de Marseille (on ne plaisante pas avec les appelations !). Il respecte la charte de fabrication artisanale fixée par l’Union des Professionnels du Savon de Marseille : fabriqué à Marseille, selon le procédé tra"
"4,00","3,08",Infusion au Thym - 20 infusettes,boissons,par Bioconseils,"Prix unitaire : 0,15€/infusetteInfusion de thym biologique. Réputé pour son action positive sur les défenses naturelles, le thym aide, par ailleurs, à dégager les voies respiratoires. Il contribue aussi à soulager les gorges irritées. Une infusion idéale pour mieux respirer pendant l'hiver. 2 à 3 tasses par jour, avec "
"3,39","2,53",Thé Noir Breakfast bio - 24 infusettes,boissons,par Touch Organic,"Prix unitaire : 0,11€/infusetteDécouvrez le thé noir breakfast bio: reconnu pour sa couleur foncée et son goût prononcé, le thé noir est un thé fermenté. C'est ce type de thé qui est le plus couramment consommé en Europe, notamment pour le petit déjeuner. Celui-ci est habituellement nommé ""breakfast"".Ingrédients : thé "
"2,79","2,19",Jus De Carotte des Landes - 75cl,boissons,par Vitamont,"Prix au litre : 2,92€/LDécouvrez une sélection de jus de légumes bio savoureux et aux bienfaits nutritionnels incomparables ! Ce Jus de Carottes Bio est élaboré à partir de légumes d'origine France, récoltés et pressés avec le plus grand soin. Bouteille de 75cL.Ingrédients : Jus de carottes (Landes), jus de citrons con"
"2,19","1,63",Thé Vert bio - 24 infusettes,boissons,par Touch Organic,"Prix unitaire : 0,07€/infusetteThé vert bio cultivé et récolté par nos fermiers dans le sud-est de la Chine. Riche en antioxydants, ce thé unique est reconnu pour sa saveur douce et fraîche. Le thé bio Touch Organic certifié bio par Ecocert et commerce équitable est cultivé majoritairement dans la province du Zeijang a"
"3,59","2,56",Thé Vert Au Jasmin bio - 24 infusettes,boissons,par Touch Organic,"Prix unitaire : 0,11€/infusetteThé vert au Jasmin - 24 sachets Bio. Touch Organic, une qualité de thé au prix le plus juste ! Découvrez le thé vert au jasmin bio: infusé naturellement grâce à des fleurs de jasmin,ce thé riche en anti-oxydants est reconnu pour son goût léger et frais. Placer le sachet de thé dans une ta"
"3,29","2,34",Lait Amandes Vanille Bio sans gluten - 1L,boissons,par EcoMil,"Prix au litre : 2,34€/LLait d'Amandes Bio à la Vanille 100% végétal ! A consommer chaud ou froid, à tout moment de la journée. Tetra Pak de 1L.Ingrédients : Eau, sirop d'agave , amandes (2,7%), inuline (fibre d'agave ), sel, arôme naturel de vanille , curcumaValeurs nutritionelles ajoutées très bientôt"
"2,99","2,14",Lait d'Avoine Chocolat Calcium - 1L,boissons,par Lima,"Prix au litre : 2,14€/LUne boisson d'avoine onctueuse au cacao biologique enrichie en calcium! 1LIngrédients : Eau, Avoine (9.6%), Sirop de maïs , Cacao (1.3%), Huile de tournesol , Algues Lithothamnium (0.4%), Epaississant: Farine de guar, Sel Marin de l'agriculture biologique Valeurs nutritionelles ajoutées très bien"
"3,93","2,95",Nectar d'Abricots récoltés en France - 75cl,boissons,par Coteaux Nantais,"Prix au kilo : 3,93€/kgCoteaux Nantais a récolté des abricots gorgés de soleil pour en faire ce délicieux nectar à la texture onctueuse et douce. Avec 100% d'abricot vous savez que l'on ne vous prend pas pour des poires.Ingrédients : Purée d'abricots biologiques (100%)Valeurs nutritionnelles (pour 100g) : Valeur énergé"
"2,30","1,38",Thé Froid Detox Maté effervescent - 33cl,boissons,par ChariTea,"Prix au litre : 4,18€/LL'infusion maté ChariTea mêle le maté et le thé noir dans une boisson revigorante. Une pointe de jus d'orange et de jus de citron viennent apporter une touche fruitée à cette infusion. Cette boisson contient naturellement une bonne dose de caféine, elle est donc stimulante pour le corps et l'espr"
"3,99","2,87",Infusion 3 Menthes - 20 infusettes,boissons,par Pukka,"Prix au kilo : 79,72€/kgLe mélange Three Mint est tout ce qu’une infusion à la menthe devrait toujours être : sucrée, un parfum délicat mais intensément rafraichissante. Ces 3 variétés de feuilles de menthe se combinent parfaitement pour créer l’harmonie aromatique idéale. Un allié de taille pour faciliter la digestion"
"2,30","1,38",Thé Froid Detox Rouge au rooibos - 33cl,boissons,par ChariTea,"Prix au litre : 4,18€/LL'infusion Rooibos ChariTea est une boisson légèrement sucrée aux notes fruitées. Le thé rouge s'accompagne de touches de fruit de la passion et de baie de sureau pour une saveur gourmande et légère. Cette boisson contient naturellement une bonne dose de caféine, elle est donc stimulante pour le "
"4,78","3,01",Jus Pomme Mangue - 75cl,boissons,par Coteaux Nantais,"Prix au kilo : 4,02€/kgDes pommes et des framboises et c'est tout ! Un jus équilibré entre la saveur douce de la pomme bio et la délicate onctuosité de la framboise. Un jus gourmand et savoureux à tout moment de la journéeIngrédients : pommes bio (90%), framboises bio (10%)Valeurs nutritionnelles (pour 100g) : Valeur é"
"3,99","2,87",Infusion Or de Curcuma - 20 infusettes,boissons,par Pukka,"Prix au kilo : 79,72€/kgL'Infusion Or de curcuma Bio de Pukka est un mélange biologique doré très raffiné. Épice indienne très réputée pour ses bienfaits et sa saveur caractéristique, le curcuma est prisé tant sur le plan culinaire que dans la sphère du bien-être. Provenant d'Inde, ce curcuma de qualité biologique, est"
"3,99","2,89",Infusion Chai Tea en Vrac - 90g,boissons,par Yogi Tea,"Prix unitaire : 0,17€/infusetteDécouvrez l'infusion originale Classic Chai pour des instants intenses et savoureux ! 90 gIngrédients : Cannelle (55%), cardamome , gingembre ,clous de giro?e , poivre noirValeurs nutritionelles ajoutées très bientôt"
"2,97","2,20",Pur Jus de Ananas Bio - 50cl,boissons,par Vitabio,"Prix au kilo : 4,4€/kgLe Pur Jus d'ananas bio Vitabio est élaboré à partir d'ananas issus de l'Agriculture Biologique, mode de production qui privilégie l'emploi d'engrais naturels et la non-utilisation de produits chimiques de synthèse.Ingrédients : Pur jus d'ananas* *issue de l'Agriculture Biologique.Valeurs nutritio"
"3,39","2,45",Infusion Bonne Nuit - 17 infusettes,boissons,par Yogi Tea,"Prix unitaire : 0,14€/infusetteInfusion associant un mélange d'herbes et d'épices, à base de fenouil, camomille et menthe poivrée. Boîte de 17 infusettes.Composition : Fenouil, camomille, menthe poivrée, cardamome, mélisse, citronnelle, racine de valériane, lavande, sauge, muscadeValeurs nutritionelles ajoutées très bi"
"2,29","1,80",Boisson au riz et cacao biologique - 1L,boissons,par The Bridge,"Cette boisson de riz enrichie en calcium est un excellent substitut au lait de vache ou de soja, sans cholestérol et 100% biologique."
"3,39","2,45",Infusion Réconfort de la Gorge - 17 infusettes,boissons,par Yogi Tea,"Prix unitaire : 0,14€/infusetteInfusion associant un mélange d'herbes et d'épices, à base de réglisse, de fenouil et de cannelle. Boîte de 17 infusettes.Composition : Réglisse, fenouil, cannelle, zeste d'orange, gingembre, thym, racine de guimauve, molène bouillon-blanc, jus de citron séché, extrait d'orange*, cardamon"
"3,99","2,87",Infusion Chai à la vanille - 20 infusettes,boissons,par Pukka,"Prix au kilo : 79,72€/kg Cette tisane à la vanille et aux épices (dans l'esprit du chaï Indien) est boisson sucrée extrêmement populaire composée de thé noir infusé dans un mélange d'eau et de lait entier et relevée avec différentes épices, mais sans feuilles de thé et donc sans théine. Un délicieux mélange de plantes "
"3,50","2,71",Boisson à la noisette sans sucres - 1L,boissons,par EcoMil,"Prix au kilo : 2,71€/kg Cette délicieuse Boisson bio aux Noisettes est élaborée à partir de noisettes déshydratées partiellement dégraissées, légères et faciles à digérer. Elle constitue une boisson saine et nutritive puisque la noisette apporte des protéines de haute qualité et est naturellement riche en acides gras m"
"3,39","2,45",Infusion Exotique Choco - 17 infusettes,boissons,par Yogi Tea,"Prix unitaire : 0,14€/infusetteInfusion exotique à base de cabosse de cacao, cannelle et cardamome. Boîte de 17 infusettes.Composition : Ecorse de cacao (60%), cannelle, reglisse, caroube, malt d'orge, cardamone, gingembre, clous de girofle, extrait de cannelle*, extrait de vanille*, poivre noir, huile de gingembre*, g"
"3,39","2,45",Infusion Rooibos - 17 infusettes,boissons,par Yogi Tea,"Prix au kilo : 0,14€/kgChaud, sucré et ensoleillé, ce rooibos irradie des racines sud-africaines. Sublimé par un mélange d'épices au gingembre, à la cannelle à la cardamone, au girofle et avec une pointe de poivre, le rooibos vous fera découvrir son arôme léger et boisé, avec une pointe de vanille et de caroube. La Ter"
"3,99","3,12",Jus Pomme Framboise Demeter - 75cl,boissons,par Coteaux Nantais,"Prix au kilo : 4,17€/kgUn mélange rare et délicieux. Des pommes des vergers des Coteaux Nantais et de la mangue d'Inde cueillies de saison. Une détonation d'énergie pour votre palaisIngrédients : pommes bio (77%), mangues bio (23%)Valeurs nutritionnelles (pour 100g) : Valeur énergétique : 229Kj soit 54kcal, Protéines :"
"3,49","2,61",Lait d'amande au calcium - 1L,boissons,par EcoMil,"Prix au litre : 2,61€/litre Le lait d’amande bio Ecomil au Calcium allie la douceur de l'amande avec les bienfaits du Calcium. Convient particulièrement au régime Vegan. Les laits ecomil se consomment tel que à tout moment de la journée, froids ou chauds, dans le thé ou le café. Vous pouvez aussi les utiliser dans vos "
"3,39","2,45",Infusion Digestion - 17 infusettes,boissons,par Yogi Tea,"Prix unitaire : 0,14€/infusetteInfusion associant un mélange d'herbes et d'épices, à base de cardamome, de fenouil et de coriandre. Boîte de 17 infusettes.Composition : Cardamome, fenouil, coriandre, malt d’orge, réglisse, menthe poivrée, gingembre, cannelle, poivre noir, clous de girofleValeurs nutritionelles ajoutées"
"3,39","2,45",Infusion Classic Cannelle - 17 infusettes,boissons,par Yogi Tea,"Prix unitaire : 0,14€/infusetteProfitez de la délicieuse boisson tonique Yogi Tea Classic ! Boîte de 17 sachets.Ingrédients : Cannelle (61%), cardamone, gingembre, clous de girofle, poivre noir, extrait de cannelle , huile de gingembreValeurs nutritionelles ajoutées très bientôt"
"4,19","3,26",Pur Jus De Pamplemousse Rose - 1L,boissons,par Vitamont,"Prix au litre : 3,27€/LLa sélection des meilleures variétés et un assemblage rigoureux offrent à ce Pur Jus de Pamplemousses Roses Bio une saveur acidulée et fruitée ! Bouteille de 1L.Ingrédients : Jus de pamplemousseValeurs nutritionnelles (pour 100g) : Energie (kJ/Kcal) 172/40 ; Matières grasses : &lt;0.6g ; Glucides"
"2,30","1,38",Thé Froid Detox thé vert gingembre - 33cl,boissons,par ChariTea,"Prix au litre : 4,18€/LL'infusion Thé vert ChariTea est préparée avec une touche de miel et du gingembre pour un rafraîchissement intense et immédiat. Le thé vert, tout droit venu du Sri Lanka, est agrémentée d'une note sucrée grâce au Miel. Le gingembre apporte une touche orientale à l'ensemble de cette boisson, idéal"
"3,39","2,45",Infusion Detox - 17 infusettes,boissons,par Yogi Tea,"Prix unitaire : 0,14€/infusetteInfusion associant un mélange d'herbes et d'épices, à base de réglisse, de cannelle et de racine de bardane. Boîte de 17 infusettes.Composition : Réglisse, cannelle, racine de bardane, gingembre, pissenlit, fenouil, anis, baies de genièvre, coriandre, cardamome, poivre noir, persil, sauge"
"3,99","2,87","Infusion Nuit paisible à la fleur d'avoine, lavande et tilleul - 20 infusettes",boissons,par Pukka,"Prix au kilo : 79,72€/kgPour vous délasser et vous préparer à une bonne nuit de sommeil, rien de tel que cette Tisane Night Time à l'Avoine, au Tilleul et à la Lavande Bio ! Ce mélange unique de plantes apaisantes, élaboré selon une recette ayurvédique traditionnelle vous aidera à vous détendre.Ingrédients : Sommités f"
"3,49","2,59",Thé Vert aux Baies De Goji bio - 24 infusettes,boissons,par Touch Organic,"Prix unitaire : 0,11€/infusette Thé vert aux baies de Goji - 24 infusions Bio. Touch Organic, une qualité de thé au prix le plus juste ! Découvrez le thé vert à la Goji bio: ce thé aux baies de goji, produites dans un véritable oasis, vous transportera à plus de 3000 m d’altitude sur le plateau désertique Tibétain. Boi"
"4,00","3,08",Infusion Anti Stress - 20 infusettes,boissons,par Bioconseils,"Prix unitaire : 0,15€/infusetteInfusion Anti Stress - 20 sachets Bio. Pour retrouver le chemin de la sérénité !Cette infusion réunit cinq plantes complémentaires qui aideront à lâcher prise et à favoriser un retour au calme. L'aubier de tilleul aide à restaurer une sensation de décontraction. Le tilleul apporte ses bie"
"4,00","3,08",Infusion Depurative - 20 infusettes,boissons,par Bioconseils,"Prix unitaire : 0,15€/infusetteMélange équilibré de plantes aux propriétés drainantes et dépuratives reconnues, cette infusion favorise également la digestion.Elle contribue à détoxifier l'organisme et à le purifier à chaque changement de saison. 2 à 3 tasses par jour, pendant 1 mois, à chaque changement de saison.Ingr"
"4,00","3,08",Tisane Alaitement - 20 infusettes,boissons,par Bioconseils,"Prix unitaire : 0,15€/infusetteInfusion Allaitement au fenouil, mélisse, anis vert, menthe poivrée, thym Une bonne hydratation est la première étape pour un allaitement réussi. Cette infusion à base de fenouil a été tout particulièrement formulée pour favoriser la lactation. La mélisse et la menthe procurent une sensat"
"5,29","3,79",Thé Vert à la Menthe Marrakesh Demeter - 15 infusettes,boissons,par Arcadie,"Prix unitaire : 0,25€/infusetteCe thé vert à la menthe douce labelisé Bio Equitable est und élice à consommer après vos repas. Retrouvez toute la saveur authentique des thés verts marocains. Le thé à la menthe symbolise l’art de vivre et la convivialité berbères. À savourer entre amis, brûlant et bien sucré.Ingrédients"
"4,00","3,08",Infusion à la Melisse - 20 infusettes,boissons,par Bioconseils,"Prix unitaire : 0,15€/infusetteLa mélisse favorise la digestion par son action bénéfique sur le fonctionnement intestinal.Egalement connue sous le nom de citronnelle, elle est idéale pour aider à apaiser les sensations nauséeuses qui peuvent gêner l'endormissement. 1 tasse après un repas copieux.Ingrédients : Mélisse ("
"5,40","3,86",Thé Palakkad à la Cardamome Demeter - 15 infusettes,boissons,par Arcadie,"Prix unitaire : 0,26€/infusetteCe thé à la Cardamome ou Palakkad, est un thé noir de grande qualité cultivé dans les Jardins de Nelliyampathy. La cardamome bio est aussi issue de Nelliyampathy, cette région du Sud de l'Inde sur les coteaux du Kerala. Ainsi leurs parfums se mêlent, naturellement. Le thé Palakkad est lab"
"4,00","3,08",Infusion Bonne Nuit à la Verveine et Passiflore - 20 infusettes,boissons,par Bioconseils,"Prix unitaire : 0,15€/infusetteFaites de beaux rêves ! Retrouvez, dans une même infusion, les propriétés relaxantes de la verveine, l'anis vert, la marjolaine, l'aubépine et la passiflore! Ensemble, ces plantes agissent pour favoriser la relaxation nécessaire à l'endormissement. Petit à petit, vous retrouvez les chemin"
"4,00","3,08",Infusion Détox aux plantes - 20 infusettes,boissons,par Bioconseils,"Prix unitaire : 0,15€/infusetteL'Infusion détox Bio de Bio Conseils est une recette spécifiquement élaborée pour favoriser l'élimination des déchets accumulés au sein de l'organisme. Ancrée dans un savoir ancestral basé sur l'observation des fluctuations du bien-être, la pratique de la détox affecte cinq organes clés d"
"4,00","3,08",Infusion Minceur au Thé Vert - 20 infusettes,boissons,par Bioconseils,"Prix unitaire : 0,15€/infusetteInfusion Minceur Thé vert - 20 sachets Bio. Une infusion Bio pour aider à déstocker les graisses et favoriser la digestion. Pour toute personne à la recherche d'une boisson minceur complète. Et efficace, agréable à boire - Le thé vert et la verveine participent au drainage de l'organisme "
"3,69","2,74",Jus De Betterave de Normandie - 75cl,boissons,par Vitamont,"Prix au litre : 3,65€/LDécouvrez une sélection de jus de légumes bio savoureux et aux bienfaits nutritionnels incomparables ! Ce Jus de Betteraves Bio est élaboré à partir de légumes d'origine France, récoltés et pressés avec le plus grand soin. Bouteille de 75cL.Ingrédients : Jus de betteraves (Normandie), jus de citr"
"5,49","3,94",Thé Earl Grey Bengalore Demeter - 15 infusettes,boissons,par Arcadie,"Prix unitaire : 0,26€/infusetteCe thé noir de grande qualité est cultivé dans les Jardins de Nelliyampathy, cette région du Sud de l'Inde sur les coteaux du Kerala. Il est labelisé Bio Équitable et Demeter.Composition : Thé noir issu de l'agriculture biologiqueValeurs nutritionelles ajoutées très bientôt"
"6,99","5,21",Pur Jus de Myrtille Bio - 50cl,boissons,par Vitabio,"Prix au litre : 10,44€/LCe pur jus restitue tous les bienfaits de la myrtille sauvage! 50 clIngrédients : 100% pur jus de myrtilleValeurs nutritionelles ajoutées très bientôt"
"5,20","4,03",Pur Jus de Cranberry Bio - 50cl,boissons,par Vitabio,"Prix au kilo : 8,06€/kgPur Jus de Cranberry : craquez pour cette petite baie rouge au goût acidulé. 100% Bio, garanti sans conservateur ni colorant. Un verre équivaut à une portion de fruits ! Ingrédients : Pur jus de cranberry* *Ingrédients issus de l'Agriculture biologiqueValeurs nutritionnelles (pour 100g) : Valeur "
"6,90","5,11",Pur Jus de Grenades - 1L,boissons,par Vitamont,"Prix au litre : 5,11€/LRetrouvez toutes les propriétés anti-oxydantes et les qualités nutritionnelles de la grenade dans ce Pur Jus de Grenades Bio Vitamont ! Emballage Eco-conception. Bouteille de 1L.Ingrédients : Pur jus de grenades (Turquie et/ou Iran)Valeurs nutritionnelles (pour 100g) : Energie (kJ/Kcal) 262/62 ; "
"8,49","6,68",Sirop De Menthe - 1L,boissons,par Maison Meneau,"Prix au litre : 6,69€/L Sirop de Menthe Bio au sucre de canne. Issu de l'agriculture biologique. Bouteille en verre de 1 L.Composition: Sucre de canne roux d’Amérique du Sud, eau, arôme naturel de menthe issue de l'Agriculture Biologique Valeurs nutritionelles ajoutées très bientôt"
"4,00","3,08",Infusion à la Camomille - 20 infusettes,boissons,par Bioconseils,"Prix unitaire : 0,15€/infusetteLa camomille est traditionnellement utilisée pour faciliter la digestion après les repas et trouver ainsi, plus facilement, le chemin du sommeil. 1 à 2 tasses, après le repas du soir.Ingrédients : Camomille issue de l'agriculture biologiqueajoutées très bientôt"
"4,00","3,08",Infusion à la Verveine - 20 infusettes,boissons,par Bioconseils,"Prix unitaire : 0,15€/infusetteReconnue pour ses propriétés digestives et anti spasmodiques, la verveine est l'alliée idéale des ""après soupers"". En effet elle favorise les digestions légères et implicitement la venue du sommeil. 1 à 2 tasses après le repas du soir.Ingrédients : 100% Verveine Bioajoutées très bientôt"
"3,39","2,53",Cola Bio - 1L,boissons,par Vitamont,"Prix au litre : 2,53€/LCe Coca Bio et Équitable sera idéal pour le goûter des enfants, les repas entre amis... Fabriqué et embouteillé en France. Bouteille en verre 100% recyclable. 1 litre.Ingrédients : Eau gazéifiée, sucre de canne 9.5% , caramel , arôme naturel de cola (extraitsd’épices issus de l’agriculture biolog"
"3,99","2,87",Infusion 3 Tulsi - 20 infusettes,boissons,par Pukka,"Prix au kilo : 79,72€/kgLe Tulsi, ou ""Basilic sacré"", est souvent considéré comme une plante sacrée et parfois appelé « remède d’harmonie » pour ses vertus réconfortantes et son effet bénéfique sur le moral et l'humeur. Trois variété de Tulsi ont été mariées dans cette infusion intriguante à la saveur fraîche et légère"
"3,39","2,53",Thé blanc bio - 24 infusettes,boissons,par Touch Organic,"Prix unitaire : 0,11€/infusetteFaites le plein d'anti-oxydants avec le thé blanc bio! Boite de 24 sachets x2gIngrédients: thé blanc (100%)*ajoutées très bientôt"
"3,39","2,45",Infusion Equilibre du Thé Vert - 17 infusettes,boissons,par Yogi Tea,"Prix unitaire : 0,14€/infusette Un thé vert à base de citronnelle, menthe poivrée et kombucha. Boîte de 17 infusettes.composition : 70% de thé vert associé à du kombucha et des fleurs de sureauValeurs nutritionelles ajoutées très bientôt"
"4,09","3,05",Apibul Pomme et Poire - 75cl,boissons,par Coteaux Nantais,"Prix au kilo : 4,06€/kgDonnez du pétillant à vos apéritifs ou à vos desserts avec l'Apibul. Issu de 100% de pur jus pressé, sans alcool et sans sucres ajoutés, vous aimerez le goût léger du mélange pomme et framboise. Un régal qui ravira petits et grandsIngrédients : Jus de pommes certifié AB et Demeter (91%), jus de f"
"4,00","3,08",Infusion au Romarin - 20 infusettes,boissons,par Bioconseils,"Prix unitaire : 0,15€/infusetteSurnommé ""ginseng français"", le romarin est un reconstituant naturel qui participe à tonifier l'organisme.Par ailleurs, il aide à stimuler l'évacuation de la bile, ce qui en fait l'ami des foies encombrés. 1 à plusieurs tasses par jour.Ingrédients : Romarin issu de l'agriculture biologiqu"
"4,09","3,05",Pur Jus De Tomate de Marmande - 75cl,boissons,par Vitamont,"Prix au litre : 4,07€/LDécouvrez une sélection de jus de légumes bio savoureux et aux bienfaits nutritionnels incomparables ! Ce Pur Jus de Tomates Bio de Marmande est élaboré à partir de légumes d'origine France, récoltés et pressés avec le plus grand soin. Bouteille de 75cL.Ingrédients : Pur Jus de Tomates de Marmand"
"8,79","6,91",Sirop De Grenadine - 1L,boissons,par Maison Meneau,"Prix au litre : 6,91€/LSirop de Grenadine Bio au sucre de canne. Issu de l'agriculture biologique. Bouteille en verre de 1 L.Ingrédients: Sucre de canne roux d'Amérique du Sud, eau, jus concentrés de fruits 15,8% (fraise 5,6%, citron 5%, cassis 4,2%, sureau 1%), arôme naturel issu de l'Agriculture Biologique.Valeurs nu"
"3,99","2,87",Infusion Purifier - 20 infusettes,boissons,par Pukka,"Prix au kilo : 79,72€/kgL’infusion bio Cleanse de Pukka est un mélange purifiant unique de plantes pour éliminer les toxines de l’organisme et nettoyer la peau de l'intérieur. A déguster à tout moment de la journée pour un teint frais et éclatant de santé. • Feuille d’ortie &amp; racine de pissenlit pour nettoyer et no"
"3,29","2,58",Eau De Coco - 50cl,boissons,par Vitamont,"Prix au litre : 5,18€/LIdéale pour les sportifs car elle favorise l'hydratation et la récupération après l'effort, cette Eau de Coco Bio est riche en oligo-éléments et en nutriments naturels. Existe en deux formats. Brique de 50cL.Ingrédients : Eau de noix de coco verte , acide ascorbique (&lt;1%)Valeurs nutritionnelle"
"3,99","2,87",Infusion 3 Gingembres - 20 infusettes,boissons,par Pukka,"Prix au kilo : 79,72€/kgLe mélange Three Ginger est tout ce qu’une infusion au gingembre devrait toujours être : riche, épicée et stimulante. Les 3 variétés de racines : gingembre, galanga (""gingembre thaï) et curcuma (""gingembre-safran"") se combinent parfaitement pour créer une puissante harmonie aromatique. Idéale po"
"3,99","2,87",Pur Jus de Grenade Bio - 50cl,boissons,par Vitabio,"Prix au kilo : 5,74€/kgJus de Grenade 100% pur jus de fruits, sans sucres ajoutés. Certifié Agriculture BiologiqueIngrédients : Pur jus de grenade* * ingrédients issus de l'agriculture biologique.Valeurs nutritionnelles (pour 100g) : Energie 70kcal / 299kJ, Protéines : traces, Glucides 16.7g, dont sucres 14.7g, Lipides"
"3,79","2,61",Thé Noir Earl Grey bio - 24 infusettes,boissons,par Touch Organic,"Prix unitaire : 0,11€/infusetteDécouvrez le thé noir Earl Grey bio: il associe agréablement le goût prononcé du thé noir avec l'incomparable arôme de la bergamote, produisant un goût intense et très rafraichissant, apprécié par les amateurs du Monde entier!Ingrédients : thé noir issu de l'agriculture biologiqueValeurs "
"3,99","2,87","Infusion détox Anis, fenouil et Cardamome - 20 infusettes",boissons,par Pukka,"Prix au kilo : 79,72€/kgLe mélange Detox est une infusion unique de plantes aux propriétés détoxifiantes reconnues. A déguster au quotidien pour bénéficier à plein des bienfaits de cette délicieuse tisane digestive et purifiante. • Graines de fenouil &amp; d’anis pour leur douce saveur sucrée • Cardamome pour son pouvo"
"3,39","2,45",Infusion Bonne nuit Rooibos Vanille - 17 infusettes,boissons,par Yogi Tea,"Prix au kilo : 0,14€/kgAprès avoir œuvrée toute la journée, votre esprit revient de ses voyages dans la soirée. Le Rooibos et la fleur de Camomille l'accompagne doucement et aide à trouver un repos mérité. . Les arômes de chocolat t de vanille sont comme une berceuse enveloppée d'épices sucrés comme le girofle, le ging"
"3,99","2,47",Lait Amandes Cacao Bio sans gluten sans sucres ajoutés - 1L,boissons,par EcoMil,"Prix au litre : 2,48€/LLait d'Amandes Bio au Cacao 100% végétal ! A consommer chaud ou froid, à tout moment de la journée. Tetra Pak de 1L.Ingrédients : Eau, sirop d'agave , amandes (2,7%), cacao en poudre (1%), inuline (fibre d'agave ), sel, arôme naturel d'amandes , arôme naturel de cacao . Valeurs nutritionelles ajo"
"2,89","2,19",Lait d'épeautre amande - 1L,boissons,par Lima,"Prix au kilo : 2,19€/kgCette délicieuse boisson à l'épeautre est 100% végétale, sans sucres ajoutés et contient des glucides naturels provenant de la fermentation du riz. L'ajout des pâtes de noisettes et d'amandes donne à cette boisson sa saveur douce et veloutée, une vraie gourmandise, raffinée et originale. En outre"
"3,99","2,87","Infusion Citron, Gingembre et miel de manuka - 20 infusettes",boissons,par Pukka,"Prix au kilo : 79,72€/kgSans aucun arôme artificiel, cette tisane délicieusement apaisante capture les riches saveurs de ses ingrédients : le citron acidulé, le gingembre épicé et la touche sucrée du miel de manuka. Une infusion au miel de manuka surprenante par sa fraîcheur, ses notes épicées de gingembre et de curcum"
"2,99","2,24",Boisson Bio Riz Noisette Amande - 1L,boissons,par Lima,"Prix au litre : 2,25€/LUne boisson végétale onctueuse à base de riz, amande et noisette! 1LIngrédients :Eau, Riz (16.1%), Noisettes (1.7%), Huile de tournesol , Amandes (0.6%), Sel Marin, Orge grilléValeurs nutritionelles ajoutées très bientôt"
"2,80","2,13",Jus de Pomme Demeter - 75cl,boissons,par Coteaux Nantais,"Prix au kilo : 2,84€/kgDes pommes et rien d'autre ! Le jus de pomme des Coteaux nantais bio est cultivé en biodynamie. 100% pur jus pressé et sans sucres ajoutés. Une référence pour le goûter avec un goût incomparableIngrédients : pommes certifiées AB (100%)Valeurs nutritionnelles (pour 100g) : Valeur énergétique : 190"
"3,35","2,40",Pur Jus De Citrons Jaunes - 50cl,boissons,par Vitamont,"Prix au litre : 4,8€/LÉlaborez des boissons rafraichissantes et peu caloriques avec ce Pur Jus de Citrons Bio, pressés sur le lieu de récolte, en Sicile. Idéal en assaisonnement. Bouteille de 50cL.Ingrédients : Pur jus de citrons de SicileValeurs nutritionnelles (pour 100g) : Energie (kJ/Kcal) 135/31 ; Matières grasses"
"3,39","2,45",Thé Vert Gingembre Citron - 17 infusettes,boissons,par Yogi Tea,"Prix unitaire : 0,14€/infusetteLe Thé Vert Gingembre Citron vous offre une véritable légèreté verte à tout moment ! Boîte de 17 sachets.Ingrédients : Thé vert (61%), gingembre (18%), citronnelle , réglisse , myrte citronnée , extrait d’agrumes , zeste de citron (1%), menthe poivrée , poivre noir ,huile de gingembreVale"
"2,09","1,62",Boisson au riz et vanille biologique - 1L,boissons,par The Bridge,Cette boisson de riz et vanille est saine et désaltérante et peut tout à fait être utiliser comme ingrédient dans la préparation de gâteaux. Elle est sans cholestérol et 100% biologique.
"3,39","2,90",Jus Multifruits - 1L,boissons,par Vitamont,"Prix au litre : 2,9€/LLa gamme Tetra Pak de Vitamont a été conçue pour vous accompagner tout au long de la journée dans toutes vos activités ! Ce Jus Multifruits Bio est idéal pour faire le plein d'énergie et de vitamines. Tetra Pak de 1L.Ingrédients : Pur Jus de pommes (France, Allemagne), oranges (17%), (Bassin médit"
"3,39","2,45",Infusion Grand Calme - 17 infusettes,boissons,par Yogi Tea,"Prix unitaire : 0,14€/infusetteL'Infusion Grand Calme x 17 sachets est une formule d’Ayurveda qui a fait ses preuves depuis longtemps et sert à soulager le stress et les tensions, tout en préservant la vitalité nécessaire pour réussir dans notre monde ravagé par la pression. Cette recette comprend de la fleur de tilleu"
"2,19","1,63",Boisson au riz et calcium,boissons,par The Bridge,"Cette boisson de riz enrichie en calcium est un excellent substitut au lait de vache ou de soja, sans cholestérol et 100% biologique."
"3,29","2,53",Pur Jus De Pomme - 1L,boissons,par Vitamont,"Prix au litre : 2,53€/LUne sélection de pommes de qualité, pressées dans l'atelier Vitamont pour vous offrir ce Pur Jus de Pommes Bio, équilibré et parfumé ! Bouteille de 1L.Ingrédients : Jus de pommes sans sucre ajoutéValeurs nutritionnelles (pour 100g) : Energie (kJ/Kcal) 208/49 ; Matières grasses : &lt;0.6g ; Glucid"
"2,19","1,55",Lait d'épeautre - 1L,boissons,par Lima,"Prix au kilo : 1,55€/kgCette délicieuse boisson à l'épeautre est 100% végétale, sans sucres ajoutés et contient des glucides naturels provenant de la fermentation du riz.Ingrédients : Eau, Épeautre* 17,3%, huile de tournesol pressé à froid*, sel marin. *de l’agriculture biologiqueValeurs nutritionnelles (pour 100g) : V"
"1,79","1,27",Boisson Végétale à base de Soja - 1L,boissons,par Lima,"Prix au litre : 1,28€/LBoisson végétale onctueuse à base de soja! 1LIngrédients :Eau, Fèves de Soja (7.2%)Valeurs nutritionelles ajoutées très bientôt"
"3,49","2,67",Pur Jus D'Orange - 1L,boissons,par Vitamont,"Prix au litre : 2,68€/LLa gamme Tetra Pak de Vitamont a été conçue pour vous accompagner tout au long de la journée dans toutes vos activités ! Ce Pur Jus d'Orange Bio s'invitera à votre table à l'occasion du petit-déjeuner, du goûter ou le temps d'un pique-nique. Tetra Pak de 1L.Ingrédients : Pur Jus d'OrangeValeurs n"
"3,39","2,45",Infusion Bonheur - 17 infusettes,boissons,par Yogi Tea,"Prix unitaire : 0,14€/infusetteInfusion associant un mélange d'herbes et d'épices, à base de cannelle, de gingembre et d'anis. Boîte de 17 infusettes.Composition : Cannelle, gingembre, fenouil, anis, réglisse, cardamome, houblon, zeste d'orange, basilic, extrait d'orange*, poivre noir, lavande, fenugrec, millefeuille, "
"1,99","1,44",Boisson Bio à base de Riz - 1L,boissons,par Lima,"Prix au litre : 1,44€/LUne boisson végétale onctueuse à base de riz! 1LIngrédients :Eau, Riz (11.2%), Huile de tournesol , Sel marinValeurs nutritionelles ajoutées très bientôt"
"3,29","2,52",Lait Amande Sans Sucres Bio sans gluten sans sucres ajoutés - 1L,boissons,par EcoMil,"Prix au litre : 2,53€/LLait d'Amandes Bio sans sucres ajoutés ! A consommer à tout moment de la journée. Brique de 1L.Ingrédients : Eau, amandes (7%), amidon de tapioca , et arôme naturel d'amandeValeurs nutritionnelles (pour 100g) : Energie (kJ/Kcal) 125/30 ; Matières grasses : 2,1g ; Glucides : 1,5g dont Sucres : 0,1"
"2,19","1,52",Lait d'Avoine Naturel - 1L,boissons,par Lima,"Prix au litre : 1,53€/LBoisson végétale à base d’avoine maltée! 1LIngrédients : Eau, Avoine (10.9%), Huile de tournesol , Sel Marin de l'agriculture biologiqueValeurs nutritionelles ajoutées très bientôt"
"2,89","2,32",Lait de Coco Sans Sucres sans gluten sans sucres ajoutés - 1L,boissons,par EcoMil,"Prix au litre : 2,33€/LLe Lait de Coco Sans Sucres 1L Ecomil se consomme tel que à tout moment de la journée, froids ou chauds, dans le thé ou le café; et peut être aussi utilisé dans la préparation de vos recettes: sauces, gâteaux, crêpes, flans. Boisson saine et nutritive, elle convient aux personnes qui doivent surv"
"2,99","2,30",Bouillie Flocons Avoine Demeter (dès 4 mois) - 250g,produits-bebe,par Holle,"Prix au kilo : 9,24€/kgUne bouillie aux flocons d'avoine pour bébé, à partir de 4 mois. Boîte de 250 grammes.Ingrédients:Avoine complet*, vitamine B1Valeurs nutritionnelles (pour 100g) : Energie (kJ/Kcal) 1547/366 ; Matières grasses : 2,4g dont acides gras saturés : 0,6g ; Glucides : 70,3g dont Sucres : 6,9g ; Protéine"
"1,49","1,11",Cotons Tige Bâtonnets Sécurité Bébé - x56,produits-bebe,par Douce Nature,"Prix unitaire : 0,02€/unitéDécouvrez les Cotons Tige Bâtonnets Sécurité Bébé pour nettoyer le conduit auditif externe avec prudence et douceur! Boite de 56 bâtonnets.Composition : Extrémités 100 % coton*:- issu de l’Agriculture Biologique*- non blanchi au chlore, blanchi à l’eau oxygénée- transformé en France"
"3,50","2,53",Bols Menu Pot au feu Boeuf Fermier (dès 12 mois) - 2x200g,produits-bebe,par Babybio,"Prix au kilo : 6,35€/kgUn délicieux pot au feu de boeuf d’Aquitaine Babybio pour vos enfants dès 12 mois. Ingrédients issus de l'agriculture biologique. Contenance : 2 x 200g.Ingrédients : Légumes 68% (carottes des Landes 23%, pommes de terre du Val de Loire 19%, panais du Val de Loire 15%, navets de Provence 5%, poire"
"3,50","2,42",Bols Patate Douce (dès 8 mois) - 2x200g,produits-bebe,par Babybio,"Prix au kilo : 9,35€/kg2 Bols Patates Douces Légumes du soleil. Dès 8 mois. Ingrédients issus de l'agriculture biologique. Contenance : 2 x 200gIngrédients : Légumes 84,5% (patates douces d'Espagne 38%, carottes des Landes 25%, poivrons d'Espagne 9%, oignons d'Espagne , purée de tomates d'Italie 5%), eau de cuisson, ri"
"3,39","2,30",Biscuits Epeautre Bebe Demeter (dès 8 mois) - 150g,produits-bebe,par Holle,"Prix au kilo : 15,4€/kgDes biscuits à l'épeautre pour bébé, à partir de 8 mois. Paquet de 150 grammes.Ingrédients : Farine d'épeautre (63%), sirop de riz , beurre , poudre de banane , agent de levuration: bicarbonate de sodium, vitamine B1 (vitaminé selon la loi)Valeurs nutritionelles ajoutées très bientôt"
"6,99","6,29",Crème pour le change - 75ml,produits-bebe,par Weleda,"Prix au litre : 83,86€/LCrème pour le change au Calandula. Protège, régénère et apaise la peau du bébé. Tube de 75 ml.Composition : Eau, Huile de sésame biologique, Huile d’amande douce biologique, Oxyde de zinc, Huile de coprah biologique, Esters d’acide gras, Cire d’abeille biologique, Lanoline, Alcool biologique, Ar"
"3,50","3,03",Gourdes Crème Semoule Vanille (dès 6 mois) - 4x85g,produits-bebe,par Babybio,"Prix au kilo : 8,91€/kgGourde Crème Semoule Vanille Babybio.Dès 6 mois, à emporter partout facilement. Fabriqué en France. Contenance : 4 x 90gIngrédients : Lait entier 89%, sucre , semoule de blé dur 3%, fécule de manioc , vanille 0,15%Valeurs nutritionnelles (pour 100g) : Energie (kJ/Kcal) 407/97 ; Matières grasses :"
"18,49","15,50",Lait De Suite Relais Optima 2 bio (6-12 mois) - 900g,produits-bebe,par Babybio,"Prix au kilo : 17,23€/kgNouveau packaging, recette inchangée.Ingrédients : Maltodextrines de maïs , lait écrémé , huiles végétales de première pression à froid (tournesol oléique , colza ), lactose , concentré de minéraux du lait (calcium), minéraux : citrate de sodium, chlorure de magnésium, chlorure de potassium, lac"
"4,20","3,12",Gourdes Crème Semoule Cacao (dès 8 mois) - 4x85g,produits-bebe,par Babybio,"Prix au kilo : 9,18€/kgEnfin un dessert pour nos chérubins préférés. Avec une délicieuse crème de semoule en gourde au bon goût de cacao, source de calcium. Son format pratique, permet de l'emporter partout avec vous !Pack de 4 gourdes de 90g.Ingrédients : Lait entier 89%, sucre , semoule de blé dur 3%, fécule de manio"
"3,50","2,53",Petits pots Légumes Veau Fermier 8 mois - 2x200g,produits-bebe,par Babybio,"Prix au kilo : 6,33€/kgPetits pots Menu Légumes Veau Fermier. Pour l’éveil de Bébé aux saveurs naturelles, les ingrédients de tous les petits pots Babybio sont sélectionnés avec soin. Dès 8 mois. Contenance : 2x200g.Ingrédients : Légumes 78,5% (pommes de terre du Val de Loire 29,5%, carottes des Landes 26%, tomates de "
"17,90","13,62",Couches Ecologiques T2/S (3-6kg) - x58,produits-bebe,par Tidoo,"Prix unitaire : 0,24€/unitéLes couches écologiques Tidoo sont hypoallergéniques et anti-fuites, elles préserveront bébé jusqu'à 12h ! Fabriqué en France. Pack de 64 couches écologiques. Taille 2-S - 3-6 kg.Composition : 50% de matières premières biodégradables, Cellulose ou pulpe de bois FSC© issue à 100% de fibres de "
"3,19","2,40",Bols Menu Haricots Verts Panais Et Blé (dès 12 mois) - 2x200g,produits-bebe,par Babybio,"Prix au kilo : 6€/kg2 bols ""Menu du soir"" Cassolette de Légumes Verts Blé, pour les enfants de 12 mois et +. 2 x 200 g.Ingrédients : Légumes 60% (haricots verts du Val de Loire 16%, panais du Val de Loire 15%, brocolis de Bretagne 12%, petits pois d'Espagne 12%, oignons d'Espagne ), eau de cuisson, blé d'Italie 7%, hui"
"5,99","5,39",Crème lavante corps et cheveux bébé - 200ml,produits-bebe,par Weleda,"Prix au litre : 26,95€/LCrème lavante corps et cheveux au Calendula. Nettoie en douceur la peau et les cheveux sensibles de bébé. Tube de 200ml.Composition : Eau, Esters de sucre, Huile d’amande douce, Alcool, Glutamates de graisse de coco, Huile de sésame, Glycérine, Carraghénates, Extrait de fleur de calendula, Xanth"
"10,90","7,54",Eau Nettoyante Micellaire Bio au Calendula - 500ml,produits-bebe,par Tidoo,"Prix au litre : 15,1€/LDécouvrez la nouvelle gamme de soins écologiques pour bébé Tidoo Care : Eau nettoyante micellaire bébé Calendula 500mlComposition : Eau, extrait de feuille d'Aloe barbadensis biologique, parfum, Glycerin, extrait de fleur de Calendula officinalis biologique, caprylyl/capryl glucoside, sodium chlo"
"3,09","2,46",Menu Maïs doux et Poulet fermier (dès 8 mois) - 2x200g,produits-bebe,par Babybio,"Prix au kilo : 6,15€/kgPour l’éveil de Bébé aux saveurs naturelles, les ingrédients de tous les petits pots Babybio sont sélectionnés avec soin. Dès 8 mois. Contenance : 2x200g.Composition : Légumes* 76% (maïs doux d'Aquitaine* 36%, carottes des Landes* 28%, pommes de terre du Val de-Loire* 7%, oignons d'Espagne* 5%), "
"3,30","2,40",Bols Bonne Nuit Tendresse De Petits Légumes Et Riz (dès 12 mois) - 2x200g,produits-bebe,par Babybio,"Prix au kilo : 6€/kg2 bols ""Bonne nuit"" Tendresse de petits légumes riz, pour les enfants de 12 mois et +. 2 x 200 gr.Ingrédients : Légumes 64% (carottes des Landes 27%, poivrons d'Espagne 10%, potimarrons de la Drôme 10%, panais du Val de Loire 9%, oignons d'Espagne ), eau de cuisson, riz d'Italie 7%, huiles végétales"
"3,30","2,53",Bols Aubergines Façon Moussaka Et Agneau Francais (dès 8 mois) - 2x200g,produits-bebe,par Babybio,"Prix au kilo : 6,35€/kgMoussaka d’Agneau aux aubergines agrémentée de thym et de parmesan. Dès 8 mois. Ingrédients issus de l'agriculture biologique. Contenance : 2 x 200g.Ingrédients : Légumes 73% (carottes des Landes , aubergines de Provence 14%, purée de tomates d'Italie 11%, oignons d'Espagne ), lait écrémé , viand"
"2,50","1,81",Assiette Légumes À La Basquaise Et Poulet (dès 15 mois) - 260g,produits-bebe,par Babybio,"Prix au kilo : 6,96€/kgAssiette Poulet Basquaise Riz Dès 15 mois. Ingrédients issus de l'agriculture biologique. Contenance : 260g.Ingrédients : Légumes 58% (carottes des Landes , poivrons d'Espagne , purée de tomates d'Italie , oignons d'Espagne , pommes de terre du Val de Loire ), eau de cuisson, viande de poulet fer"
"3,09","2,29",Petits pots Carottes Potimarron et Riz (dès 6 mois) - 2x200g,produits-bebe,par Babybio,"Prix au kilo : 5,75€/kgUn délice de carotte et potimarron avec du riz pour un apport en sucres lents et des acides gras essentiels qui participent à la croissance. Dès 6 mois. Contenance : 2 x 200g.Ingrédients : Légumes 59,5% (carottes des Landes 38%, potimarrons de la Drôme 17%, oignons d'Espagne ), eau de cuisson, ri"
"18,90","13,54",Culottes d'apprentissage T4/M (8-15kg) - x38,produits-bebe,par Tidoo,"Prix unitaire : 0,36€/unitéLes couches écologiques Tidoo sont hypoallergéniques et anti-fuites, elles préserveront bébé jusqu'à 12h ! Fabriqué en France.Composition : 50% de matières premières biodégradables, Cellulose ou pulpe de bois FSC© issue à 100% de fibres de source responsable, Sans chlore, sans parfum, sans la"
"3,50","2,53",Petits pots Petits pois Panais Courgette Veau (dès 6 mois) - 2x200g,produits-bebe,par Babybio,"Prix au kilo : 6,33€/kgPetits pots Petits pois Panais Courgette Veau. Fabriqué en France. Dès 6 mois. 2 x 200g.Ingrédients : Légumes 76% (petits pois d'Espagne 23%, panais du Val de Loire 22%, pommes de terre du Val de Loire , courgettes de Provence 15%), eau de cuisson, viande de veau fermier d'Aquitaine et du Limousi"
"3,19","2,31",Petits Pots Mouliné de Carotte et Quinoa (dès 8mois) - 2x200g,produits-bebe,par Babybio,"Prix au kilo : 5,8€/kgPetits Pots Mouliné Carotte Quinoa. Idéal pour l’éveil de Bébé aux saveurs naturelles dès 8 mois. Ingrédients issus de l'agriculture biologique. Contenance : 2 x 200g.Ingrédients : Légumes 73% (carottes des Landes 48%, patates douces d'Espagne 11%, purée de tomates d'Italie 8%, oignons d'Espagne 6"
"2,19","1,59",Petits pots Pomme Abricot Céréale (dès 4 mois) - 2x130g,produits-bebe,par Babybio,"Prix au kilo : 6,15€/kgPetits pots Pomme Abricot Céréale . Idéal pour l’éveil de bébé aux saveurs naturelles et son bon équilibre nutritionnel. Dès 4 mois. Ingrédients issus de l'agriculture biologique. Contenance : 2 x 130g.Ingrédients : Pommes d’Aquitaine 60%, abricots d’Occitanie 37%, riz 3%, antioxydant: acide asco"
"3,40","2,54",Gourdes Pomme Poire Pêche (dès 6 mois) - 4x90g,produits-bebe,par Babybio,"Prix au kilo : 7,06€/kgMes Fruits Gourde Pomme Poire Pêche Dès 6 mois. Une Purée 100% Fruits que Bébé prend plaisir à boire en toute autonomie. Ingrédients issus de l'agriculture biologique. Contenance : 4 x 90g.Ingrédients : Pommes d'Aquitaine 50%, poires Willimas de France 30%, pêches du Roussillon 20%., antioxydant:"
"3,09","2,46",Menu Carotte Potimarron Pomme Et Canard Fermier (dès 8 mois) - 2x200g,produits-bebe,par Babybio,"Prix au kilo : 6,15€/kgPour l’éveil de Bébé aux saveurs naturelles, les ingrédients de tous les petits pots Babybio sont sélectionnés avec soin. Dès 8 mois. Contenance : 2 x 200g.Ingrédients : Légumes 65% (carottes des Landes 34%, potimarrons de la Drôme 17,5%, oignons d'Espagne , panais du Val de Loire ), pommes d'Aqu"
"18,90","14,85",Couches Ecologiques T5/XL (12-25kg) - x46,produits-bebe,par Tidoo,"Prix unitaire : 0,32€/unitéLes couches écologiques Tidoo sont hypoallergéniques et anti-fuites, elles préserveront bébé jusqu'à 12h ! Fabriqué en France. Pack de 46 couches écologiques. Taille 5-XL 12-25 kg.Composition : 50% de matières premières biodégradables, Cellulose ou pulpe de bois FSC© issue à 100% de fibres de"
"2,19","1,59",Petits pots Pommes d'Aquitaine (dès 4mois) - 2x130g,produits-bebe,par Babybio,"Prix au kilo : 6,15€/kgPetits pots Pomme d'Aquitaine. Idéal pour l’éveil de Bébé aux saveurs naturelles et son bon équilibre nutritionnel. Dès 4 mois. Ingrédients issus de l'agriculture biologique. Contenance : 2 x 130g.Ingrédients : Pommes d'AquitaineValeurs nutritionnelles (pour 100g) : Energie (kJ/Kcal) 189/45 ; Mat"
"14,95","11,04",Bain Shampoing bébé hypoallergénique sans sulfate - 1L,produits-bebe,par Douce Nature,"Prix au litre : 11,05€/LLe Shampooing-Douche de Douce Nature est hypoallergénique et sans sulfate: il est particulièrement adapté à la peau délicate de bébé. Conditionnement : 1L. Douce Nature, des produits naturels et responsables pour toute la famille.Composition : Aqua, Calendula Officinalis Flower Extract*, Aloe Ba"
"2,15","1,56",Assiette Fondue de Carotte et Maïs Doux au Quinoa (dès 12 mois) - 230g,produits-bebe,par Babybio,"Prix au kilo : 6,78€/kgPurée de légumes et quinoa bio avec morceaux adaptée à l’enfant dès 12 mois. Fabriqué en France. Contenance : 230g.Ingrédients : Légumes 62% (carottes des Landes 31%, maïs doux d'Aquitaine 15% , poivrons rouges d' Espagne 10%, oignons d' Espagne ), eau de cuisson, quinoa 6,5%, huile d'olive vierg"
"2,10","1,59",Petits pots Délice de fruits (dès 4 mois) - 2x130g,produits-bebe,par Babybio,"Prix au kilo : 6,15€/kgPetits pots Délice de fruits. Idéal pour l’éveil de bébé aux saveurs naturelles et son bon équilibre nutritionnel. Ingrédients issus de l'agriculture biologique. Dès 4 mois. Contenance : 2 x 130g.Ingrédients : Pommes d'Aquitaine , poires Williams d'Italie , pêches du Roussillon , myrtilles de Suè"
"18,90","14,85",Couches Ecologiques T4+/L+ (9-20kg) - x48,produits-bebe,par Tidoo,"Prix unitaire : 0,31€/unitéLes couches écologiques Tidoo sont hypoallergéniques et anti-fuites, elles préserveront bébé jusqu'à 12h ! Fabriqué en France. Pack de 48 couches écologiques. T4+ L+ 9-20 kg.Composition : 50% de matières premières biodégradables, Cellulose ou pulpe de bois FSC© issue à 100% de fibres de sourc"
"3,40","2,54",Gourdes Pomme Fraise Vanille (dès 6 mois) - 4x90g,produits-bebe,par Babybio,"Prix au kilo : 7,06€/kgMes Fruits Gourde Pomme Fraise Vanille Dès 6 mois. Une Purée 100% Fruits que Bébé prend plaisir à boire en toute autonomie. Contenance : 4 x 90gIngrédients : Pommes d’Aquitaine 79,9%, fraises d'Espagne 20%, vanille 0,1%.Valeurs nutritionnelles (pour 100g) : Energie (kJ/Kcal) 195/46 ; Matières gra"
"2,19","1,59",Petits pots Pomme-Pruneau (dès 4 mois) - 2x130g,produits-bebe,par Babybio,"Prix au kilo : 6,15€/kgPetits pots Pomme-Pruneau. Idéal pour l’éveil de bébé aux saveurs naturelles et son bon équilibre nutritionnel. Dès 4 mois. Contenance : 2 x 130g.Ingrédients : Pommes d'Aquitaine 78%, purée de pruneaux d'Agen 22% (pruneaux 13,2%, eau)Valeurs nutritionnelles (pour 100g) : Energie (kJ/Kcal) 235/56 "
"18,90","14,85",Couches Ecologiques T3/M (4-9kg) - x56,produits-bebe,par Tidoo,"Prix unitaire : 0,27€/unitéLes couches écologiques Tidoo sont hypoallergéniques et anti-fuites, elles préserveront bébé jusqu'à 12h ! Fabriqué en France. Pack de 56 couches écologiques. Taille 3-M - 4-9 kg.Composition : 50% de matières premières biodégradables, Cellulose ou pulpe de bois FSC© issue à 100% de fibres de "
"3,40","2,54",Gourdes Pomme Abricot Banane (dès 6 mois) - 4x90g,produits-bebe,par Babybio,"Prix au kilo : 7,06€/kgMes Fruits Gourde Pomme Abricot Banane Dès 6 mois. Une Purée 100% Fruits que Bébé prend plaisir à boire en toute autonomie. Ingrédients issus de l'agriculture biologique. Contenance : 4 x 90g.Ingrédients : Pommes d’Aquitaine 55%, abricots d'Italie 23%, bananes d'Equateur 22%Valeurs nutritionnelle"
"3,29","2,50",Petit pots Menu Légumes Cabillaud 8 mois - 2x200g,produits-bebe,par Babybio,"Prix au kilo : 6,28€/kgPetit pots Menu Légumes Cabillaud. Pour l’éveil de Bébé aux saveurs naturelles, les ingrédients de tous les petits pots Babybio sont sélectionnés avec soin. Dès 8 mois. Contenance : 2 x 200g.Ingrédients : Légumes 67% (petits pois d'Espagne 32%, pommes de terre du Val de Loire 18% , carottes des L"
"2,09","1,59",Petits pots Pêche Pomme (dès 4mois) - 2x130g,produits-bebe,par Babybio,"Prix au kilo : 6,15€/kgPetits pots Pêche Pomme. Idéal pour l’éveil de Bébé aux saveurs naturelles et son bon équilibre nutritionnel. Dès 4 mois. Ingrédients issus de l'agriculture biologique. Contenance : 2 x 130g.Ingrédients : Pêches du Roussillon 50%, pommes d‘Aquitaine 50%, antioxydant: acide ascorbiqueValeurs nutri"
"2,19","1,65",Petits pots Pomme Myrtille (dès 4 mois) - 2x130g,produits-bebe,par Babybio,"Prix au kilo : 6,35€/kgPetits pots Pomme Myrtille. Idéal pour l’éveil de bébé aux saveurs naturelles et son bon équilibre nutritionnel. Dès 4 mois. Ingrédients issus de l'agriculture biologique. Contenance : 2 x 130g.Ingrédients : Pommes d'Aquitaine 80%, myrtilles de Suède 20%Valeurs nutritionnelles (pour 100g) : Energ"
"9,90","6,85",Bioliniment Oléo calcaire - 450ml,produits-bebe,par Tidoo,"Prix au litre : 15,24€/LDécouvrez la nouvelle gamme de soins écologiques pour bébé Tidoo Care : Liniment oléo calcaire BIO. Contenance : 450ml. Unique, ce liniment contient 48% d'huile d'olive bio ! Certifié Ecocert &amp; Cosmos Organic. Fabriqué en France.Composition : Aqua, Olea Europaea (Olive Fruit) Oil*, Glyceryl "
"2,99","2,29",Petits pots Petits Pois Maïs Riz (dès 6 mois) - 2x200g,produits-bebe,par Babybio,"Prix au kilo : 5,75€/kgUne recette pour un apport en sucres lents et des acides gras essentiels qui participent à la croissance. Dès 6 mois. Ingrédients issus de l'agriculture biologique. Contenance : 2 x 200g.Ingrédients : Légumes 58% (petits pois d'Espagne 25%, maïs doux d'Aquitaine 15%, oignons d'Espagne , brocolis "
"18,90","13,54",Culottes d'apprentissage T5/Junior (12-18kg) - x36,produits-bebe,par Tidoo,"Prix unitaire : 0,38€/unitéLes culottes d'apprentissage Night &amp; Day allient efficacité et engagement écologique, pour le plus grand confort de bébé et la tranquillité des parents. Elles donneront aux tout-petits l’autonomie nécessaire à l’apprentissage de la propreté dès 2 ans grâce à sa facilité d'utilisation : el"
"3,09","2,29",Petits pots Carotte Patate douce et Blé (dès 6 mois) - 2x200g,produits-bebe,par Babybio,"Prix au kilo : 5,75€/kgUn délicieux mélange de légumes variés avec du blé pour un apport en sucres lents et des acides gras essentiels qui participent à la croissance. Idéal dès 6 mois. Ingrédients issus de l'agriculture biologique. Contenance : 2 x 200g.Ingrédients : Légumes 68% (carottes des Landes 26%, patates douce"
"3,79","2,70",Lingettes Bébé Bio compostables - x58,produits-bebe,par Tidoo,"Prix unitaire : 0,05€/unitéDécouvrez la nouvelle gamme de soins écologiques pour bébé Tidoo Care : Lingettes bébé compostables Calendula x58, parfumées naturellement.Composition : Non tissé 100% compostable et biodégradable. Lotion : Aqua, Glycerin, Calendula Officinalis Flower Water*, Coco-Glucoside, Levulinic Acid, S"
"18,90","14,85",Couches Ecologiques T4/L (7-18kg) - x50,produits-bebe,par Tidoo,"Prix unitaire : 0,3€/unitéLes couches écologiques Tidoo sont hypoallergéniques et anti-fuites, elles préserveront bébé jusqu'à 12h ! Fabriqué en France. Pack de 50 couches écologiques. Taille 4-L - 7-18 kg.Composition : 50% de matières premières biodégradables, Cellulose ou pulpe de bois FSC© issue à 100% de fibres de "
"2,49","1,80",Maxi Carrés De Coton - x50,produits-bebe,par Tidoo,"Prix unitaire : 0,04€/unitéDécouvrez la nouvelle gamme de soins écologiques pour bébé Tidoo Care : 50 Maxi carrés de coton Bio. Fibres de coton 100% issues de l'agriculture biologique. Certifié GOTS. Fabriqué en France.Composition : 100% coton biologique"
"3,10","2,43",Petit Boudoirs (dès 8 mois) - 120g,produits-bebe,par Babybio,"Prix au kilo : 20,25€/kgGrâce à leur saveur d'Orange douce, les Boudoirs Babybio séduiront Bébé à l'heure du goûter ! Paquet de 24 biscuits. 6 sachets fraîcheur. Fabrication française.Ingrédients : Farine de froment 30%, sucre de canne , amidon de blé , oeufentier 19.8%, huile de colza , huile essentielle d'orange douc"
"3,99","2,73",Farine Complete 5 Céréales - 1kg,epicerie-sucree,par Priméal,"Prix au kilo : 2,74€/kg Farine Complète Bio 5 céréales. Origine France - Sachet de 1 kg.Ingrédients : Blé complet , seigle complet , orge complet ,riz complet ,avoine complèteValeurs nutritionelles ajoutées très bientôt"
"16,99","13,81",Lait de Croissance bio (10-36 mois) - 900g,produits-bebe,par Babybio,"Prix au kilo : 15,34€/kgCe Lait de Croissance Bio permet d'apporter à bébé tout ce dont il a besoin pour bien grandir. Lait d'origine France. Dès 10 mois. Boite hermétique de 900g.Ingrédients : Maltodextrinesde maïs , lait écrémé , huiles végétales de première pression àfroid (tournesol oléique , colza ), lactose , con"
"3,19","2,49",Farine de petit épeautre intégrale - 500g,epicerie-sucree,par Markal,"Prix au kilo : 4,98€/kg Ancêtre du blé, l'épeautre dispose de grandes qualités nutritionnelles et connaît de nos jours un regain d'intérêt dans l'agriculture biologique.La farine de petit épeautre intégrale Markal peut être utilisée en complément d’une farine traditionnelle dans toutes vos recettes de pains intégraux, "
"4,90","3,46",Sucre de coco bio - 250g,epicerie-sucree,par Maison du Coco,"Prix au kilo : 13,83€/kgLe sucre de noix de coco bio, tout comme l'huile de coco est multi-facette. Extraite à partir de la sève des fleurs de cocotier, il est naturel et sans additif. La sève cuite au feu de bois permet de conserver les bienfaits sans le sucre de coco et de garantir une saveur unique. Vous pouvez l'ut"
"2,50","2,01",Petit beurre 100% France au chocolat équitable - 150g,epicerie-sucree,par Bisson,"Prix au kilo : 13,4€/kgPour le petit déjeuner ou le goûter, n'hésitez plus et craquez pour ces biscuits Petit Beurre au Miel croustillants à souhait. Vous y retrouverez une subtile et légère touche de noix de coco et et de miel (sans arôme artificiel). Vous allez réjouir les grands comme les petits. Ingrédients : Farin"
"3,29","2,41",Purée Pommes Origine 100% France BIO 4x100g,epicerie-sucree,par Danival,"Prix au kilo : 6,05€/kgDanival a sélectionné pour vous les meilleurs fruits auprès de ses producteurs français pour élaborer cette délicieuse purée de fruits Ingrédients : Purée de pommes* françaises Valeurs nutritionnelles (pour 100g) : Energie (kJ/Kcal) 263/62 ; Matières grasses : 0,2g dont acides gras saturés : 0g ;"
"3,29","2,20",Farine Complète D'Épeautre - France - 500g,epicerie-sucree,par Priméal,"Prix au kilo : 4,4€/kgFarine Complète Bio d'épeautre - A utiliser de préférence pour faire du pain. Origine France - Sachet de 500 g.Ingrédients : Epeautre complet (Triticum spelta) Valeurs nutritionnelles (pour 100g) : Energie (kJ/Kcal) 1371/328 ; Matières grasses : 1,9g ; Glucides : 74g ; Protéines : 12,5g ;"
"2,79","2,09",Farine De Pois Chiches - France - 500g,epicerie-sucree,par Priméal,"Prix au kilo : 4,18€/kgFarine Bio de Pois Chiches. Origine France - Sachet de 500 g.Ingrédients : Pois chiches Valeurs nutritionnelles (pour 100g) : Energie (kJ/Kcal) 1367/324 ; Matières grasses : 6g ; Glucides : 46,5g ; Protéines : 20,7g ;"
"2,99","2,34",Twibio fourrés au Chocolat - 150g,epicerie-sucree,par Le Moulin du Pivert,"Prix au kilo : 15,67€/kgTwibio fourrés au Chocolat noir. Source de fibres. 6 sachets fraîcheur individuels. Garantis sans OGM, sans huile de palme. Poids : 150g.Ingrédients : Farine de blé , sucre de canne non raffiné , huile de tournesol , sirop de blé , beurre de cacao , chocolat 5% (sucre de canne non raffiné , mass"
"2,99","2,32",Biscuits P'Tit Déj' Céréales Miel Et Chocolat - 190g,epicerie-sucree,par Le Moulin du Pivert,"Prix au kilo : 12,26€/kgBiscuits P'tit Déj Bio Céréales, Chocolat &amp; Miel. Recette riche en fibres. 4 sachets fraîcheur de 3 biscuits. Garantis sans OGM, sans huile de palme. Poids : 190g.Ingrédients : Céréales 51.4% (farine de blé T65 , flocons d'avoine , farine de seigle T130 , farine d'orge ), sucre de canne non "
"3,20","2,40",Purée De Pommes Cassis sans sucres ajoutés - 360g,epicerie-sucree,par Coteaux Nantais,"Prix au kilo : 6,69€/kgPurée Pomme Cassis sans sucres ajoutés 360G Bio. Le cassis aigrelet sortant tout droit des terroirs d'antan, donne du caractère au duo en rehaussant l’arôme de la pomme. Mélange de pommes et de petites baies violettes très foncées, presque noires, 100% purs fruits sans sucres ajoutés, cuit doucem"
"2,99","2,31",Plaisir Noisette Nappé De Chocolat Au Lait - 130g,epicerie-sucree,par Le Moulin du Pivert,"Prix au kilo : 17,85€/kgSablés Plaisir bio à la Noisette, nappés de Chocolat au lait (anciennement Sablés bio Noisette Chocolat au lait 130g) . 5 sachets fraîcheur de 2 biscuits. Garantis sans OGM, sans huile de palme. Poids : 130g.Ingrédients : Farine de blé T65 (gluten), chocolat au lait 25% (sucre , beurre de cacao "
"8,99","6,48",Maxi Lot de Compotes Cool Fruits Pomme Banane - 12x90g,epicerie-sucree,par Vitabio,"Prix au kilo : 6€/kgCool Fruits Pomme-Banane : de délicieuses gourdes 100% fruits Bio pour accompagner les enfants dans toutes leurs activités ! Vendues par 12 gourdes de 90g. Fabrication française.Ingrédients : Pommes , bananes , jus d’acérolaValeurs nutritionelles ajoutées très bientôt"
"2,40","1,85",Biscuits P'tit Beurre au Lait Cru - 155g,epicerie-sucree,par Le Moulin du Pivert,"Prix au kilo : 11,94€/kgBiscuits P'tit Beurre bio, au beurre frais et au lait cru. 6 sachets fraîcheur de 2 biscuits. Garantis sans OGM, sans huile de palme. Poids : 155g.Ingrédients : Farine de blé T65, beurre 15%, sucre de canne non raffiné , lait cru 10%, poudre de lait entier , poudres à lever : bicarbonate de sodi"
"2,49","2,00",Chocolat au Lait 32% et Noix de Coco bio - 100g,epicerie-sucree,par Kaoka,Vous aimez le chocolat au lait ? Vous adorez la noix de coco ? Ce chocolat au lait à la noix de coco allie la tendresse du chocolat au lait avec la fraîcheur et l'arôme de la noix de coco bio.
"3,49","2,67",Farine de Sarrasin Sans Gluten - 500g,epicerie-sucree,par Ma Vie Sans Gluten,"Prix au kilo : 5,36€/kg Farine de Sarrasin SANS GLUTEN - Origine France - Sachet de 500 g.Ingrédients : Farine de sarrasin Valeurs nutritionnelles (pour 100g) : Energie (kJ/Kcal) 1500/354 ; Matières grasses : 2,6g ; Glucides : 69,7g ; Protéines : 13g ;"
"3,49","2,69",Purée Pommes Nectarine Origine 100% France BIO 4x100g,epicerie-sucree,par Danival,"Prix au kilo : 6,75€/kg Pour varier les plaisirs et profiter des multiples bienfaits des fruits, DANIVAL vous propose la recette de purée 100% Pommes-nectarine! Sans sucres ajoutés. Contenance : 4 x 100g Ingrédients : Purée de pommes françaises (70%), purée de nectarine (30%) Valeurs nutritionnelles (pour 100g) : Energ"
"2,15","1,65",Chips à la Noix de Coco - 150g,epicerie-sucree,par Pural,"Prix au kilo : 11,07€/kgChips noix de coco, bio, Pural. 150 g.Ingrédients : Chips de noix de cocoValeurs nutritionelles ajoutées très bientôt"
"2,99","2,31",Plaisir Noisette Nappé De Chocolat Noir - 130g,epicerie-sucree,par Le Moulin du Pivert,"Prix au kilo : 17,85€/kgSablés Plaisir bio à la Noisette, nappés de Chocolat noir (anciennement Sablés bio Noisette Chocolat noir 130g). 5 sachets fraîcheur de 2 biscuits. Garantis sans OGM, sans huile de palme. Poids : 130g.Ingrédients : Farine de blé T65 (gluten), chocolat noir 25% (pâte de cacao , sucre , beurre de "
"7,99","5,84",Maxi Lot de Compotes Cool Fruits Pomme Acérola - 12x90g,epicerie-sucree,par Vitabio,"Prix au kilo : 5,41€/kgRégalez vos enfants avec ce Lot de 12 Compotes Cool Fruits Pomme Acérola BIO à emporter partout ! Chaque gourde équivaut à une portion de fruits journalière recommandée par les nutritionnistes. Cool Fruits, ce sont de délicieuses gourdes 100% fruits Bio pour accompagner les enfants dans toutes le"
"2,99","2,15",Pépites Chocolat Noir bio 50% - 100g,epicerie-sucree,par Kaoka,Ces délicieuses pépites de Chocolat noir bio à 50% de cacao vous permettront de transformer vos desserts en véritables gourmandises qui régaleront toute la famille !
"3,79","2,77",Mix'Gom - 60g,epicerie-sucree,par Ma Vie Sans Gluten,"Prix au kilo : 46,17€/kg Mix'Gom, l'aide culinaire bio sans gluten pour pains et pâtisseries. Sachet de 60g. Fabrication française.Ingrédients : Psyllium blond (Plantago ovata), Gomme d’acacia (Acacia senegal)Valeurs nutritionnelles (pour 100g) : Energie (kJ/Kcal) 53/13 ; Matières grasses : 0,1g ; Glucides : 1,7g ; Pro"
"4,10","3,15",Purée De Pommes Vanille - 630g,epicerie-sucree,par Coteaux Nantais,"Prix au kilo : 5,02€/kgCompote pomme vanille 660G Bio. Mélange de variétés de pommes sélectionnées avec soin et cueillies à maturité. Compote cuite délicatement à l'étouffée en marmite avec juste ce qu'il faut de sucre de canne. Retrouvez la douceur et la saveur de la pomme dans tous ces états agrémentée d'un soupçon d"
"2,99","2,18",Préparation Moelleux à l'épeautre - 300g,epicerie-sucree,par Priméal,"Prix au kilo : 7,27€/kg Préparation gâteau moelleux à l'épeautre - Origine France - Sachet de 300 g.Ingrédients : Farines d’épeautre (53%), (farine d’épeautre blanche , farine complète de petit épeautre de Haute Provence ), sucre de canne blond , poudre à lever (amidon de blé , bicarbonate de sodium, bitartrate de pota"
"7,59","6,20",Gâteau Amandes Orange sans Gluten - 225g,epicerie-sucree,par Biscuiterie de Provence,"Prix au kilo : 27,6€/kgRetrouvez toutes les saveurs de l'amande dans ces délicieux gâteaux Bio sans gluten ! Goût : Orange. Conditionnement : étui de 225g.Ingrédients : sucre de canne , oeufs entiers , amandes 24%, orange 16%, jus concentré de citron , poudre de vanille Bourbon , pectine de fruit non amidéeValeurs nutr"
"4,19","3,07",Choc'o Barre - 6x25g,epicerie-sucree,par Vitabio,"Prix au kilo : 20,47€/kgChoc'o Barre 6x25g, pratique à emmener partout grâce à son conditionnement : 6 barres en sachets individuels de 25g. Pour un goûter chocolaté et plus que gourmand ! ?Choc’O Barre accompagne les enfants dans toutes leurs activités. Le goûter dont les gourmands raffolent ! Pratique à emporter grâc"
"7,59","6,20",Gâteau Amandes Chocolat sans Gluten - 225g,epicerie-sucree,par Biscuiterie de Provence,"Prix au kilo : 27,6€/kgRetrouvez toutes les saveurs de l'amande dans ces délicieux gâteaux Bio sans gluten ! Goût : Chocolat. Conditionnement : étui de 225g.Ingrédients : sucre de canne , amandes 30%, oeufs entiers , beurre de baratte , cacao 4%, poudre de vanille BourbonValeurs nutritionelles ajoutées très bientôt"
"5,10","3,82",Chocolat Noir Vegan au lait d'amande - 100g,epicerie-sucree,par Ikalia,"Prix au kilo : 38,25€/kgUn délicieux chocolat au lait, vegan et issu du commerce équitable ? Oui c'est possible ! Avec le chocolat Ikalia, vous consommez auprès d'un producteur engagé pour le respect de la Terre et des Hommes. Le cacao équitable du Pérou donne à ce chocolat un goût équilibré et onctueux. Vegan, sans gl"
"14,50","11,06",Vanille Sur Sucre Sans Alcool - 45ml,epicerie-sucree,par Cook,"Prix au litre : 245,78€/LVanille sur sucre sans alcool 45Ml Bio. L'extrait naturel de vanille bourbon Cook est fabriqué grâce à une extraction hydro-alcoolique à partir de la gousse de vanille elle-même. Idéal pour pâtisseries, entremets, glaces. Dosage : 2 bouchons par litre de préparation.Ingrédients : Sucre de canne"
"2,99","2,34",Twibio fourrés aux Fraises - 150g,epicerie-sucree,par Le Moulin du Pivert,"Prix au kilo : 15,67€/kgTwibio fourrés aux Fraises. Riches en fruits, pauvres en lipides. 6 sachets fraîcheur individuels. Garantis sans OGM, sans huile de palme. Poids : 150g.Ingrédients : Fourrage fruit 40% (purée de pomme , sucre de canne non raffiné , sirop de blé , purée de fraises 20%, jus de citron concentré , a"
"8,49","6,80",Farine de châtaigne - 500g,epicerie-sucree,par Priméal,"Prix au kilo : 13,6€/kg Une farine sans gluten, obtenue à partir de châtaignes française bio solidaires. Priméal a sélectionné les meilleures châtaignes biologiques de France pour réaliser cette farine. Elle est obtenue à partie de variétés locales parfaitement triées et séchées sur clèdes au feu de bois (mais non fumé"
"5,49","4,14",Farine de Riz et Châtaignes - 500g,epicerie-sucree,par Ma Vie Sans Gluten,"Prix au kilo : 8,28€/kgFarine de Riz et Châtaigne SANS GLUTEN - Origine UE - Sachet de 500 g.Ingrédients : Farine de riz blanche (70%), farine de châtaigne (30%) Valeurs nutritionnelles (pour 100g) : Energie (kJ/Kcal) 1185/379 ; Matières grasses : 1,7g ; Glucides : 79,7g ; Protéines : 6,3g ;"
"2,85","2,11",Sablés authentiques 100% épeautre complet - 175g,epicerie-sucree,par Bisson,"Prix au kilo : 12,06€/kgAvec ces sablés, on revient aux origines de Bisson puisque ce sont les premiers biscuits fabriqués par l’Abbé Bisson, pour lesquels les recettes originelles ainsi que leur authenticité ont été conservés ! Vous allez adorer ces biscuits cacao croquants et fondants, élaborés avec uniquement de la "
"2,99","2,29",Sucre Glace Demeter - 260g,epicerie-sucree,par Jean Hervé,"Prix au kilo : 8,85€/kgSucre glace 260G Demeter Bio. Sucre glace maison fait à partir de sucre de canne roux bio. Ce sucre ne contient aucun additif ni aucun produit chimique. Parfait pour toute sorte de desserts, pour les glaçages, pâtisseries... Sucre à saupoudrer sur les pâtisseries, ou à mélanger à du blanc d'oeuf "
"4,49","3,24",Préparation pour pain bio au Sarrasin - 500g,epicerie-sucree,par Ma Vie Sans Gluten,"Prix au kilo : 6,5€/kgPréparation SANS GLUTEN pour pain bio au sarrasin - Origine France - Sachet de 500 g.Ingrédients : Farine de riz ½ complet , farine de sarrasin (26%), fécule de maïs , gomme de guar , sel marin Valeurs nutritionnelles (pour 100g) : Energie (kJ/Kcal) 1462/344 ; Matières grasses : 1,3g ; Glucides : "
"2,99","2,34",Twibio fourrés à la Myrtille - 150g,epicerie-sucree,par Le Moulin du Pivert,"Prix au kilo : 15,67€/kgTwibio fourrés à la Myrtille. Riches en fruits, pauvres en lipides. 6 sachets fraîcheur individuels. Garantis sans OGM, sans huile de palme. Poids : 150g.Ingrédients : Fourrage fruit 40% (purée de pomme , sucre de canne non raffiné , sirop de blé , purée de myrtilles 20%, jus de citron concentré"
"5,10","3,82",Chocolat noir 70% à la fleur de sel de Guérande sans gluten - 100g,epicerie-sucree,par Ikalia,"Prix au kilo : 38,25€/kgUn chocolat noir à la fleur de sel pas comme les autres. Vegan, sans gluten, équitable, fabriqué en France et... délicieux. Quand vous dégustez ce classique, vous vous engagez pour Ikalia, un producteur qui respecte la Terre et les Hommes et qui met la barre haute concernant la qualité de son ca"
"5,10","3,82",Chocolat noir Vegan 70% au sucre de fleur de coco - 100g,epicerie-sucree,par Ikalia,"Prix au kilo : 38,25€/kgUn chocolat noir vraiment pas comme les autres. En remplaçant le sucre de canne traditionnel par du sucre de fleur de coco, Ikalia a élaboré un délicieux chocolat à l'indice glycémique particulièrement bas. Et bien sûr, comme tous les chocolats Ikalia, il est issu du commerce équitable ! Ingrédi"
"5,19","3,87",Macarons Amandes 38 % sans Gluten - 140g,epicerie-sucree,par Biscuiterie de Provence,"Prix au kilo : 27,64€/kg Les Macarons moelleux aux amandes BIO sont des délicieux biscuits, à déguster au dessert ou à l'heure du thé ou du café ! Sachet de 140g. Sans Gluten, sans lait.Ingrédients : Sucre de canne , amandes 38%, blancs d'oeufs , miel 3%, poudre de vanille BourbonValeurs nutritionelles ajoutées très bi"
"1,00","0,81",Bioflan Citron - 2x4g,epicerie-sucree,par Natali,"Prix au kilo : 117,14€/kgBio-flan saveur citron 2x1/4L Bio. Préparation en poudre pour faire soi-même des entremets citron avec du lait ou du jus végétal comme le jus de soja, jus d'avoine... Le BIO-FLAN est garanti sans adjonction de sucre, sans gluten et sans matière d’origine animale. Vous pouvez choisir vous-même l"
"3,19","2,34",Moelleux à l'épeautre et aux pépites de chocolat - 180g,epicerie-sucree,par Bisson,"Prix au kilo : 13€/kgCes moelleux à l'épeautre ont tout pour plaire : ils sont bio, à la farine d'épeautre, sans huile de palme, avec du sucre de canne issu du commerce équitable et emballés en sachet fraîcheur, ils sont faciles à emporter. Ah oui, et ils sont délicieux en plus !Ingrédients : Farine d'épeautre* (gluten"
"1,00","0,81",Bioflan Noix De Coco - 2x4g,epicerie-sucree,par Natali,"Prix au kilo : 102,5€/kgBio-flan saveur Noix Coco 2X1/4L Bio. Le bio flan permet de faire un entremet avec du lait ou du jus de soja. Non sucrées, à base d'agar-agar, les recettes de nos entremets s'adaptent pour toutes les personnes, tous les régimes et tous les goûts. Ils permettent d'allier plaisir et bienfaits : un"
"8,25","6,66",Gousses De Vanille Bourbon - 2x5g,epicerie-sucree,par Cook,Prix au kilo : 1665€/kgGousses de vanille Bourbon x2 5G Bio. La vanille fait partie de la famille des orchidées. Il en existe une trentaine d'espèces. Vanille bourbon est un label de qualité qui existe depuis près de 40 ans et qui est aujourd'hui largement reconnu. Ces deux gousses de vanille bourbon (environ 5g) se ma
"3,19","2,34",Sablés authentiques au citron confit - 183g,epicerie-sucree,par Bisson,"Prix au kilo : 12,79€/kgAvec ces sablés, on revient aux origines de Bisson puisque ce sont les premiers biscuits fabriqués par l’Abbé Bisson, pour lesquels les recettes originelles ainsi que leur authenticité ont été conservés ! Vous allez adorer ces biscuits citron croquants et fondants, élaborés avec uniquement de la"
"1,00","0,81",Bioflan Café - 2x4g,epicerie-sucree,par Natali,"Prix au kilo : 82€/kgBio-flan saveur Cafe 2X1/4L Bio. Le bio flan permet de faire un entremet avec du lait ou du jus de soja. Non sucrées, à base d'agar-agar, les recettes de nos entremets s'adaptent pour toutes les personnes, tous les régimes et tous les goûts. Ils permettent d'allier plaisir et bienfaits : une délici"
"3,59","2,74",Cookies Fourrés Fruits Rouges - 175g,epicerie-sucree,par Le Moulin du Pivert,"Prix au kilo : 15,66€/kgBiscuits bio fourrés aux Fruits rouges, parsemés d'éclats de cassis. Garanti sans OGM, sans huile de palme. Fabriqué en France. 5 sachets fraîcheur. Poids net : 175g.Ingrédients : Fourrage fruit 37% (purée de pomme , sirop de blé , sucre de canne non raffiné , purée de fraise 10%, purée de framb"
"2,99","2,49",Pure Pâte de Cacao (maigre) - 100g,epicerie-sucree,par Moulin des Moines,"Prix au kilo : 24,9€/kgPour les plus grands amateurs de chocolat, Moulin des Moines vous propose cette Pure Pâte de Cacao Bio, fine et onctueuse, spécialement élaborée pour les diabétiques. Sans lécithine, sans sucre ajouté. 100% Cacao. Tablette de 100g.Ingrédients : Fèves de cacao réduites en pâteValeurs nutritionnell"
"5,29","3,82",Chocolat noir 70% de cacao et éclats de fèves de cacao sans gluten - 100g,epicerie-sucree,par Ikalia,"Prix au kilo : 38,25€/kgAvec 70% de cacao bio, sans huile de palme, sans lécithine, le chocolat Ikalia aux éclats de fève de cacao, allie engagement et croquant. Le cacao ainsi que le sucre sont issus du commerce équitable. Les fèves de cacao donnent une légèreté et une note boisée à ce grand cru. Le carton est 100% re"
"0,99","0,70",Mini Barre à la Pomme - 25g,epicerie-sucree,par Life Food,"Prix au kilo : 28€/kgSans fruits à coque, cette LIFEBAR MINI à la pomme est juteuse et rafraîchissante. Son goût généreux vous remplira de bonheur. Seulement à base de pomme, datte, graines de tournesol germées et cannelle. La barre idéale pour ceux qui doivent éviter le gluten et les fruits à coque. Les LIFEBAR MINI c"
"4,89","3,63",Farine de lupin - 500g,epicerie-sucree,par Priméal,"Prix au kilo : 7,26€/kgLa Farine de Lupin bio Priméal est riche en protéines et en fibres. Elle s’incorpore facilement dans vos préparations salées et sucrées qui peuvent alors rendre service à des végétariens et des sportifs. De couleur jaune, elle présente aussi l’avantage de diminuer la quantité d’œuf dans vos recet"
"3,59","2,41",Farine Bio pour Brioche - 400g,epicerie-sucree,par Priméal,"Prix au kilo : 6,03€/kgFarine Boulangère de Brioche Bio. Origine France - Sachet de 400 g.Ingrédients : Farine de blé T65 , sucre de canne blond , poudre d’oeuf entier , sel marin, levain de kamut déshydratéValeurs nutritionelles ajoutées très bientôt"
"0,99","0,70",Mini Barre Au Chocolat - 25g,epicerie-sucree,par Life Food,"Prix au kilo : 28€/kgAu vrai chocolat cru noir, cette barre énergétique ne contient que des dattes, des noix et une touche de vanille. Le meilleur booster énergétique naturel ! L’extase par le chocolat ! Merveilleusement euphorique ! La meilleure barre chocolatée de notre galaxie et même de l’univers entier. Les LIFEBA"
"5,35","4,99",Sucre Vanillé - 8 sachets,epicerie-sucree,par Natali,"Prix au kilo : 78,13€/kgSucre vanillé 8 Sachets Bio. La canne à sucre est cultivée de façon traditionnelle sans intrants chimiques . la mélasse est raffinée seulement par des moyens physiques. La vanille est incorporée au sucre de cannes sous forme d'extrait et en poudre. Il n'y a aucune adjonction d'autres arômes. Le "
"3,49","2,53",Purée Pommes pruneaux BIO 4 x 100g,epicerie-sucree,par Danival,"Prix au kilo : 6,35€/kgPour varier les plaisirs et profiter des multiples bienfaits des fruits, DANIVAL vous propose la recette de purée 100% Pommes-pruneaux! Sans sucres ajoutés. Contenance : 4 x 100g Ingrédients : Purée de pommes (86%), Pruneaux (14%) Valeurs nutritionnelles (pour 100g) : Energie (kJ/Kcal) 311/74 ; M"
"3,69","2,69",Petits Sablés Noix de Coco sans Gluten - 150g,epicerie-sucree,par Ma Vie Sans Gluten,"Prix au kilo : 18€/kgPetits Sablés Noix de Coco : délicieux sablés à la texture croustillante et fondante. Ingrédients issus de l’agriculture biologique. Sans gluten et sans huile de palme. Poids : 150gIngrédients : Farine de riz demi complète , fécule de pomme de terre , sucre de canne blond , huile de noix de coco , "
"2,39","1,70",Farine de Maïs sans Gluten - 500g,epicerie-sucree,par Ma Vie Sans Gluten,"Prix au kilo : 3,4€/kgFarine de Maïs SANS GLUTEN - Origine UE - Sachet de 500 g.Ingrédients : Farine de maïs Valeurs nutritionnelles (pour 100g) : Energie (kJ/Kcal) 1365/322 ; Matières grasses : 1,5g ; Glucides : 70g ; Protéines : 7g ;"
"4,89","3,88",Sirop D'Agave - 450g,epicerie-sucree,par Jean Hervé,"Prix au kilo : 8,62€/kgSirop d'agave issu de l'agriculture biologique. Excellent substitut au sucre, riche en fructose. Idéal pour sucrer les boissons ou à utiliser dans vos recettes. Pot de 450g.Ingrédients : Sirop d'agave du MexiqueValeurs nutritionnelles (pour 100g) : Energie (kJ/Kcal) 1290/308 ; Glucides : 76g ;"
"3,99","2,81",Pain d'épices 55% miel - 300g,epicerie-sucree,par Bisson,"Prix au kilo : 9,37€/kgVous partez en pique-nique ou en balade et vous voulez absolument un peu de pain d'épices ? Ca tombe bien, on a la solution pour vous : le Régamiel de Bisson, un pain d’épices pratique emballé en portion individuelle. Bon goûter !Ingrédients : Miel* (55%), farine de seigle* (Gluten), eau, poudre "
"3,89","3,06",Madeleines pur beurre sans gluten - 150g,epicerie-sucree,par Nature & Cie,"Prix au kilo : 20,4€/kgDe délicieuses madeleines pur beurre et sans gluten. Ingrédients issus de l'agriculture biologique. Fabriqué en France. Conditionnement : 150g.Ingrédients : Sucre de canne , oeuf , fécule de pomme de terre , beurre (lait) 17%, farine de riz , poudre à lever , sirop de sucre inverti , épaississant"
"1,00","0,81",Bioflan Framboise - 2x4g,epicerie-sucree,par Natali,"Prix au kilo : 102,5€/kgPréparation Bioflan en poudre pour entremets non sucrés saveur Framboise. 2 Sachets 1/4 Litre.Ingrédients : Amidon de maïs , arôme naturel , gélifiants: carraghénane, agar-agarValeurs nutritionnelles (pour 100g) : Energie (kJ/Kcal) 1316/315 ; Matières grasses : 0,1g ; Glucides : 76,8g ; Protéine"
"2,99","2,35",P'Tiwi Chocolat Noir - 125g,epicerie-sucree,par Le Moulin du Pivert,"Prix au kilo : 18,8€/kgP'tiwi Bio au Chocolat noir, petit beurre sur tablette de chocolat noir! Forts en chocolat et en céréales ! 5 sachets fraîcheur de 2 biscuits. Garantis sans OGM, sans huile de palme. Poids : 125g.Ingrédients : Chocolat 47% (masse de cacao , sucre , beurre de cacao , poudre de vanille , lécithine "
"8,99","6,48",Maxi Lot de Compotes Cool Fruits Pomme Mangue Ananas - 12x90g,epicerie-sucree,par Vitabio,"Prix au kilo : 6€/kgDécouvrez ce Lot de 12 Compotes Cool Fruits Pomme Mangue Ananas - 12x90g! Une compote aux fruits exotiques pour rendre les goûters encore plus savoureux ! Chaque gourde équivaut à une portion de fruits journalière recommandée par les nutritionnistes. Cool Fruits, ce sont de délicieuses gourdes 100% "
"2,99","2,38",Biscuit Tentation Orange Enrobé Chocolat Noir - 130g,epicerie-sucree,par Le Moulin du Pivert,"Prix au kilo : 18,31€/kgBiscuits Tentation Orange, enrobés de chocolat noir. 5 sachets de 2 biscuits pur beurre. Garantis sans OGM, sans huile de palme. Recette élaborée sans œuf ni lait. Poids : 130g.Ingrédients : Chocolat noir 42% (masse de cacao , sucre , beurre de cacao , poudre de vanille , lécithine de soja ), fa"
"5,19","3,87",Macarons Amandes Noisettes sans Gluten - 140g,epicerie-sucree,par Biscuiterie de Provence,"Prix au kilo : 27,64€/kgMacarons aux amandes et aux noisettes. Sans gluten et sans lait. Etui de 140 g.Ingredients : sucre de canne roux*, amandes* 29%, blancs d’oeufs*, noisettes* 10%, miel*, poudre de vanille BourbonValeurs nutritionnelles (pour 100g) : Energie (kJ/Kcal) 2045/489 ; Matières grasses : 24,1g ; Glucides"
"8,99","6,48",Maxi Lot de Compotes Cool Fruits Pomme Pêche Abricot - 12x90g,epicerie-sucree,par Vitabio,"Prix au kilo : 6€/kgCool Fruits Pomme-Pêche-Abricot : de délicieuses gourdes 100% fruits Bio pour accompagner les enfants dans toutes leurs activités ! Vendues par 12 gourdes de 90g. Fabrication française.Ingrédients : Pommes , pêches , concentré de fruits (concentré de raisin , concentré de citron ), abricots , jus d'"
"4,10","3,14",Compote De Fraises - 315g,epicerie-sucree,par Coteaux Nantais,"Prix au kilo : 10€/kgCompote de fraises avec morceaux 315G Bio. Reine des petits fruits, la fraise gourmande, fondante et généreuse étale tous ses arômes dans cette compote de purs fruits entiers. Cuite doucement à l’étouffée en marmite avec juste ce qu’il faut de sucre de canne, elle vous fera fondre. Tous les produit"
"2,99","2,35",P'Tiwi Chocolat Au Lait - 125g,epicerie-sucree,par Le Moulin du Pivert,"Prix au kilo : 18,8€/kgP'tiwi Bio au Chocolat au lait, petit beurre sur tablette de chocolat au lait. Forts en chocolat et en céréales ! 5 sachets fraîcheur de 2 biscuits. Garantis sans OGM, sans huile de palme. Poids : 125g.Ingrédients : Chocolat au lait 47% (sucre , beurre de cacao , poudre de lait , masse de cacao ,"
"3,79","2,77",Mini Cookies au Chocolat Noir - 150g,epicerie-sucree,par Ma Vie Sans Gluten,"Prix au kilo : 18,47€/kgCookies au Chocolat Noir BIO 150g: Une recette gourmande appréciable pour sa texture croustillante, puis fondante. Garanti sans Gluten. Boite de 150gIngrédients : Farine de riz demi-complète , sucre de canne blond , pépites de chocolat (cacao ,sucre de canne roux , beurre de cacao ), huile de pa"
"2,99","2,20",Préparation Fondant au Chocolat - 300g,epicerie-sucree,par Priméal,"Prix au kilo : 7,33€/kg Préparation gâteau fondant au chocolat - Origine France - Sachet de 300 g.Ingrédients : Chocolat en poudre (36%,) (sucre de canne blond , cacao 32% minimum), sucre de canne blond , farine de blé T65, amidon de maïs , pépites de chocolat noir (7%) (pâte de cacao , sucre de canne roux , beurre de "
"3,29","2,58",Sablés Framboise - 135g,epicerie-sucree,par Nature & Cie,"Prix au kilo : 19,19€/kgSablés framboise sans gluten. Ingrédients issus de l'agriculture biologique. Conditionnement : 135g.Ingrédients : Farine de maïs , amidon de maïs , huile de palme , sucre de canne , poudre de glucose , crunchies framboise 4%, arôme naturel , épaississant : gomme de guar , sel, émulsifiant : léci"
"3,09","2,40",Biscuit Tentation Gingembre Citron Enrobé Chocolat Noir - 130g,epicerie-sucree,par Le Moulin du Pivert,"Prix au kilo : 18,46€/kg Biscuits Tentation Gingembre Citron, enrobés de chocolat noir. 5 sachets de 2 biscuits pur beurre. Garantis sans OGM, sans huile de palme. Recette élaborée sans œuf ni lait. Poids : 130g.Ingrédients : Chocolat noir 42% (masse de cacao , sucre , beurre de cacao , poudre de vanille , lécithine de"
"1,99","1,36",Farine De Maïs - 500g,epicerie-sucree,par Priméal,"Prix au kilo : 2,72€/kgDécouvrez la Farine de Maïs Bio 500g. Cette farine permet de réaliser les tacos mexicains et des pains colorés ou toutes autres préparations culinaires. A utiliser pure pour la fabrication de tacos ou de crêpes ou en mélange avec de la farine de blé pour la panification. Sachet de 500g.Ingrédient"
"6,59","5,37",Pur Sirop d'Erable du Canada - 250ml,epicerie-sucree,par Jean Hervé,"Prix au kilo : 21,48€/kgVous en avez marre de sucrer vos crèpes ou vos pancakes avec du simple sucre blanc ? Parfaite substitution au sucre de table, ce sirop d'érable Bio se met dans toutes les préparations culinaires. Sur la table comme en cuisine, sa texture sirupeuse et son goût doux et sucré conviendront à tout le"
"1,70","1,26",Agar Agar en Poudre - 2x4g,epicerie-sucree,par Natali,"Prix au kilo : 158,75€/kgAgar-agar 2x4G Bio. L’agar-agar est un gélifiant alimentaire végétal naturel, extrait d’algues marines sauvages rouges (Gelidium sesquipedale). L’agar-agar est un mucilage incolore, inodore qui permet de texturer des mets salés ou sucrés (aspic, terrine, dessert, crème, gelée…). Il remplace ava"
"1,19","0,79",Barre Aux Amandes - 40g,epicerie-sucree,par Pural,"Prix au kilo : 19,75€/kgUne combinaison d'amandes et de sucre de canne roux, alliant le goût et une texture croquante, raviront vos papilles ! La Barre aux Amandes Pural est idéal comme encas lors des petits creux de la journée. Sans gluten ni lactoseIngrédients : Amandes* (65 %), sirop de maltose* et sucre de canne* b"
"2,99","2,19",Choco Bisson Noisettes - 300g,epicerie-sucree,par Bisson,"Prix au kilo : 7,3€/kgCraquez pour ces délicieux biscuits croustillants fourrés d'une crème légère à la noisette. Pour les vegan, ils sont sans oeuf !Ingrédients : Farine de blé* T55, sucre de canne roux*, huile de palme non hydrogénée*, sirop de blé*, noisettes* (2 %), cacao*, amidon de maïs*, poudre de lait*, poudre "
"3,69","2,79",Sablés Citron Et Graines De Chia - 150g,epicerie-sucree,par Ma Vie Sans Gluten,"Prix au kilo : 18,6€/kgSablés Citron et graines de chia 150g: Le chia est une graine originaire d’Amérique latine, réputée pour sa richesse en oméga 3 et appréciée pour son côté croquant. Ce biscuit vous surprendra par sa texture croustillante puis fondante! Garanti sans Gluten. 150gIngrédients : Farine de riz demi-com"
"5,10","3,82",Chocolat noir Vegan 70% Cranberry Myrtille et Goji - 100g,epicerie-sucree,par Ikalia,"Prix au kilo : 38,25€/kg Un chocolat noir aux superfruits pour vous donner un boost d'énergie. Le magnésium du cacao associé aux bienfaits de la canneberge, des myrtilles et des baies de goji pour un mélange détonant, acidulé et originalIngrédients : Pâte de cacao*; sucre de fleur de coco*: 22%; beurre de cacao*; baie "
"7,59","6,20",Gâteau Amandes sans Gluten - 225g,epicerie-sucree,par Biscuiterie de Provence,"Prix au kilo : 27,6€/kgRetrouvez toutes les saveurs de l'amande dans ces délicieux gâteaux Bio sans gluten ! Goût : nature. Conditionnement : étui de 225g.Ingrédients : sucre de canne , amandes 32%, oeufs entiers , beurre de baratte , poudre de vanille BourbonValeurs nutritionelles ajoutées très bientôt"
"2,45","1,78",Gomme de Guar - 60g,epicerie-sucree,par Ma Vie Sans Gluten,"Prix au kilo : 29,67€/kgGomme de Guar: Un Epaississant à froid et à chaud, garanti sans gluten! Idéal pour vos coulis de fruits, bouillon de légumes, et autres sauces trop liquides! 60gIngrédients : Gomme de guar issue de l’agriculture biologique Valeurs nutritionelles ajoutées très bientôt"
"2,99","2,13",Biscuits Matins bio aux 4 céréales et figues - 200g,epicerie-sucree,par Bisson,"Prix au kilo : 10,65€/kgIdéal pour faire le plein d'énergie chaque matin, découvrez les biscuits Matin Bio 4 Céréales et Figues de Bisson. Dégustez ce délicieux biscuit multi-céréales à la pâte de figues (100% fruits),exclusivement au sucre de canne complet, sans œuf ni produit laitier (présence possible de traces) et "
"5,10","3,82",Chocolat blanc Cranberries sans gluten - 100g,epicerie-sucree,par Ikalia,"Prix au kilo : 38,25€/kgDégustez un chocolat blanc qui vaut vraiment le coup. Fini les ""galak"" aux additifs, avec Ikalia, vous avez l'assurance de déguster un chocolat blanc bio de qualité issu du commerce équitable, sublimé par la canneberge aciduléeIngrédients : chocolat blanc* 95% : sucre de canne roux* 45%, beurre "
"3,49","2,69",Farine de Riz demi Complet - 500g,epicerie-sucree,par Ma Vie Sans Gluten,"Prix au kilo : 5,38€/kgFarine de Riz Demi Complète SANS GLUTEN - Origine UE - Sachet de 500 g.Ingrédients : Farine de riz demi-complète Valeurs nutritionnelles (pour 100g) : Energie (kJ/Kcal) 1587/374 ; Matières grasses : 2,7g ; Glucides : 78,4g ; Protéines : 9,1g ;"
"3,59","2,69",Purée Pommes Kiwi Origine 100% France BIO 4x100g,epicerie-sucree,par Danival,"Prix au kilo : 6,75€/kgPour varier les plaisirs et profiter des multiples bienfaits des fruits, DANIVAL vous propose la recette de purée 100% Pommes-kiwi ! Sans sucres ajoutés. Contenance : 4 x 100g Ingrédients : Purée de pommes françaises (70%), purée de kiwi (30%) Valeurs nutritionnelles (pour 100g) : Energie (kJ/Kca"
"5,10","3,82",Chocolat au Lait à la fleur de sel de Guérande sans gluten - 100g,epicerie-sucree,par Ikalia,"Prix au kilo : 38,25€/kg Avec 70% de cacao bio, sans huile de palme, sans lécithine, le chocolat Ikalia à la Fleur de Sel allie engagement et saveur. Le cacao de qualité supérieure, issu du commerce équitable allié à une pointe de sel de Guérande bio donne à ce chocolat une note équilibrée. Le carton est 100% recyclabl"
"2,85","2,17",Sablés authentiques raisin et éclats de noisettes - 175g,epicerie-sucree,par Bisson,"Prix au kilo : 12,4€/kgAvec ces sablés, on revient aux origines de Bisson puisque ce sont les premiers biscuits fabriqués par l’Abbé Bisson, pour lesquels les recettes originelles ainsi que leur authenticité ont été conservés ! Vous allez adorer ces biscuits raisin et noisette croquants et fondants, élaborés avec uniqu"
"2,45","1,87",Gaufrettes 35% chocolat - 190g,epicerie-sucree,par Bisson,"Prix au kilo : 9,84€/kgPour la pause café ou thé, elles sont idéales ! Certifié bio et sans huile de palme, avec 35% de chocolatIngrédients : Chocolat* 35% (sucre de canne*, beurre de cacao*, poudre de cacao* dégraissée), farine de blé*, sucre de canne*, huile de tournesol*, amidon de maïs*, émulsifiant : lécithine de "
"8,99","6,48",Maxi Lot de Compotes Cool Fruits Pomme Fraise Myrtille - 12x90g,epicerie-sucree,par Vitabio,"Prix au kilo : 6€/kgCool Fruits Pomme-Fraise-Myrtille : de délicieuses gourdes 100% fruits Bio pour accompagner les enfants dans toutes leurs activités ! Vendues par 12 gourdes de 90g. Fabrication française.Ingrédients : Pommes , fraises , concentré de fruits (concentré de raisin , concentré de citron ), myrtilles , ju"
"2,49","1,91",Farine De Blé T80 - France - 1kg,epicerie-sucree,par Priméal,"Prix au kilo : 1,91€/kgFarine Bise de Blé Bio T80 - A utiliser de préférence faire du pain. Origine France - Sachet de 1 kg.Ingrédients : Blé tendreValeurs nutritionnelles (pour 100g) : Energie (kJ/Kcal) 1415/338 ; Matières grasses : 1,7g ; Glucides : 69g ; Protéines : 11,8g ;"
"3,80","2,77",Compote De Poires - 315g,epicerie-sucree,par Coteaux Nantais,"Prix au kilo : 8,83€/kgCompote de poires 315G Demeter Bio. Mélange de poires rigoureusement sélectionnées, douceur subtile et délicatement granuleuse. La compote est cuite douocement à l'étouffée avec ce qu'il faut de sucre de canne. Laissez vous envelopper par sa texture. Tous les produits Côteaux Nantais sont élaboré"
"1,49","1,07",Noix De Coco rapée bio - 100g,epicerie-sucree,par Les Accents du Soleil,"Prix au kilo : 10,8€/kg Noix de coco certifiée bio. À consommer nature ou à mélanger dans vos recettes. Origine: Sri Lanka. Sachet refermable de 100g.Ingrédients : Noix de cocoValeurs nutritionnelles (pour 100g) : Energie (kJ/Kcal) 2761/660 ; Matières grasses : 64,5g dont acides gras saturés : 57,22g ; Glucides : 23,65"
"1,09","0,61",Barre Aux Cranberries et Amandes - 40g,epicerie-sucree,par Pural,"Prix au kilo : 15,5€/kgLa Barre Canneberges et Amandes Pural est idéal comme encas lors des petits creux de la journée. La combinaison de cacahuètes, d'amandes, de raisins secs, de riz soufflé, de canneberges et de raisins secs alliant le goût et une texture croquante, raviront vos papilles !Ingrédients : Cacahuètes* ("
"2,99","2,32",Biscuits P'Tit Déj' Céréales Et Chocolat - 190g,epicerie-sucree,par Le Moulin du Pivert,"Prix au kilo : 12,26€/kgBiscuits P'tit Déj Bio Céréales &amp; Chocolat. Recette riche en fibres. 4 sachets fraîcheur de 3 biscuits. Garantis sans OGM, sans huile de palme. Poids : 190g.Ingrédients : Céréales 49.7% (farine de blé T65 , flocons d'avoine , farine de seigle T130 , farine d'orge ), sucre de canne non raffin"
"2,49","1,88",Farine De Blé T150 - France - 1kg,epicerie-sucree,par Priméal,"Prix au kilo : 1,88€/kgFarine Intégrale de Blé Bio T150 - A utiliser de préférence faire du pain intégral. Origine France - Sachet de 1 kg.Ingrédients : Blé tendre moulu à la meule de pierreValeurs nutritionnelles (pour 100g) : Energie (kJ/Kcal) 1287/308 ; Matières grasses : 1,7g ; Glucides : 61g ; Protéines : 12,1g ;"
"2,99","2,17",Choco Bisson au Cacao - 300g,epicerie-sucree,par Bisson,"Prix au kilo : 7,23€/kgAu goûter, au petit-déjeuner ou pour tous les petits creux bio! A tremper dans le lait, à casser dans un bol de fromage blanc, dans le cartable pour le goûter...parce qu'il sont bio et bons, ces choco vont suivre partout vos enfants !Ingrédients : Farine d'épeautre* (50%) (Triticum spelta), sucre"
"1,99","1,47",Palmiers pur beurre 100% France - 100g,epicerie-sucree,par Bisson,"Prix au kilo : 14,7€/kgTout le plaisir des palmiers de la boulangerie de votre enfance dans ce paquet ! Ces palmiers pur beurre ont une texture feuilletée croustillante et les plus gourmands se jetteront dessus. Ingrédients : Farine de Blé* T55, Beurre* frais (30%), sucre de canne* blond, sel marin, poudre à lever : ca"
"2,29","1,74",Chocolat Noir bio 55% à l'Orange - 100g,epicerie-sucree,par Kaoka,"Le mélange orange-chocolat noir, c'est toujours un succès ! Kaoka a donc décidé d'associer la force et l'amertume du chocolat noir (leur marque de fabrique) avec la douceur des oranges de Sicile."
"4,35","3,31",Purée De Pommes Framboises sans sucres ajoutés - 630g,epicerie-sucree,par Coteaux Nantais,"Prix au kilo : 5,27€/kgPurée de pommes framboises sans sucres ajoutés 630G Bio. Alliage surprenant de la pomme et de la pulpeuse framboise. Un note douce-acidulée pour ce duo. Purée 100% fruits purs et entiers cueillis à maturité, sans sucres ajoutés, elle est cuite doucement à l’étouffée au chaudron. Laissez-vous enva"
"2,49","1,72",Chocolat au Lait 36% Cacao bio - 100g,epicerie-sucree,par Kaoka,"Le Chocolat au Lait 36% bio de Kaoka a un goût très équilibré - et absolument délicieux - grâce à l'harmonie parfaite entre pâte de cacao, lait et sucre (le tout bio bien évidemment!)."
"3,85","2,83",Biscuits Fourrés Crousty Roll Cacao Noisette - 125g,epicerie-sucree,par Le pain des fleurs,"Prix au kilo : 22,64€/kgDécouvrez les Biscuits Fourrés Cacao Noisette ""Crousty Roll"" Bio et Sans Gluten créés par la marque Le Pain des fleurs®. Ce sont de délicieux biscuits croustillants avec un fourrage fondant au cacao et à la noisette. Conditionnés par 2, les Biscuits Fourrés Cacao Noisette ""Crousty Roll"" sont fac"
"2,99","2,34",Cookies aux pépites de chocolat - 175g,epicerie-sucree,par Le Moulin du Pivert,"Prix au kilo : 13,4€/kg Ces Cookies aux Pépites de Chocolat parsemés d'éclats de noisettes grillées, sont fabriqués à partir de blé issu de l'Agriculture biologique. Des biscuits croquants et originaux qui raviront les petits comme les grands ! Les + Produit : Biscuits aux pépites de chocolat et éclats de noisettes Ing"
"2,29","1,80",Chocolat Noir à 80% bio de l'Equateur - 100g,epicerie-sucree,par Kaoka,"Attention, chocolat noir réservé aux amateurs de sensation forte ! Avec 80% de cacao, ce chocolat se caractérise par de puissants et délicieux arômes de jasmin et de rose."
"4,99","3,77",Sucre De Canne Complet - 1kg,epicerie-sucree,par Priméal,"Prix au kilo : 3,77€/kgSucre de Canne Complet - Origine Costa Rica - Sachet de 1 kg.Ingrédients : Pur jus de canne à sucre séché Valeurs nutritionnelles (pour 100g) : Energie (kJ/Kcal) 1657/396 ; Matières grasses : 0,1g ; Glucides : 96,5g ; Protéines : 0,7g ;"
"3,59","2,74",Purée De Pommes Demeter sans sucres ajoutés - 630g,epicerie-sucree,par Coteaux Nantais,"Prix au kilo : 4,34€/kgIssue d'un mélange de variétés de pommes sélectionnées avec soin et cueillies à maturité et labelisées DEMETER, cette compote est cuite délicatement à l'étouffée en marmite sans sucres ajoutés. Retrouvez la douceur et la saveur de la pomme dans tous ces états. Tous les produits Côteaux Nantais so"
"0,45","0,29",Poudre À Lever - 14g,epicerie-sucree,par Natali,"Prix au kilo : 20,71€/kgPoudre à lever 2X7G Bio. La poudre à lever est utilisée pour la levée des pâtes en pâtisserie salée et sucrée. Sans gluten, sans phosphate La levée de la pâte se fait par simple réaction naturelle des ingrédients lorsqu’ils sont mis dans certaines conditions d’humidité et de chaleur. Le bicarbon"
"3,49","2,66",Cookies Fourrés Chocolat Noir - 175g,epicerie-sucree,par Le Moulin du Pivert,"Prix au kilo : 15,2€/kg Cookies bio fourrés au Chocolat noir, sans œuf. Garanti sans OGM, sans huile de palme. Recette végétalienne. Paquet de 10 biscuits. Fabriqué en France, dans l'Aveyron. Poids net : 175g.Ingrédients : Farine de blé T65 , sucre de canne non raffiné , huile de tournesol , pépites de chocolat 12% (su"
"2,49","1,83",Chocolat Noir à 75% bio de Sao Tomé - 100g,epicerie-sucree,par Kaoka,"Ce chocolat noir à 75% de cacao ravira les amateurs de chocolat noir puissant, corsé et riche en arômes fruités. Il est fabriqué par les producteurs de la filière Kaoka de ""l'île Chocolat"", Sao Tomé."
"3,19","1,93",Amandes Blanches en poudre d'Espagne - 125g,epicerie-sucree,par Les Accents du Soleil,"Prix au kilo : 15,52€/kg Amandes en poudre certifiées Bio. À consommer nature ou à mélanger dans vos recettes. Origine: Espagne. Sachet refermable de 125g.Ingrédients : 100% amande d'Espagne.Valeurs nutritionnelles (pour 100g) : Energie (kJ/Kcal) 2420/578 ; Matières grasses : 51g dont acides gras saturés : 4,3g ; Gluci"
"2,69","1,99",Farine De Blé T55 origine France - 1kg,epicerie-sucree,par Priméal,"Prix au kilo : 1,95€/kgPour toutes vos délicieuses pâtisseries et préparations de dessert familiales à pâte levée (brioches et baba), cette farine se distingue par une texture très aérée et légère.Ingrédients : Blé tendre* moulu suivant le procédé Borsakovsky. Cette mouture spéciale permet de restituer le maximum des r"
"3,69","2,94",Chocolat Noir bio Dessert Pâtissier Corsé - 200g,epicerie-sucree,par Kaoka,"Quoi de mieux qu'un bon chocolat pour réaliser les desserts pour toute la famille ? N'hésitez plus et testez son goût intense de chocolat noir, avec un fort goût de cacao et des arômes des fleurs."
"2,69","2,07",Chocolat Noir à 66% bio aux Éclats de Noisettes Caramélisées - 100g,epicerie-sucree,par Kaoka,"Des noisettes lentement et amoureusement caramélisées, des fèves de cacao issus de la filière Kaoka de São Tomé et Principe (l'île Chocolat) et vous avez une délicieuses tablette de chocolat qui ravira toute la famille."
"1,69","1,33",Flocons D'Avoine Petits - 500g,pates-riz-graines-et-cereales,par Markal,"Prix au kilo : 2,68€/kgFlocons d'Avoine Petits issus de l'agriculture bio. Idéal au petit déjeuner ou dans des plats sucrés ou salés. Sachet de 500g.Ingrédients : AvoineValeurs nutritionnelles (pour 100g) : Energie (kJ/Kcal) 1533/364 ; Matières grasses : 6,9g dont acides gras saturés : 0,6g ; Glucides : 56g dont Sucres"
"3,29","2,46",Tagliatelles Curcuma et Pavot - 250g,pates-riz-graines-et-cereales,par Priméal,"Prix au kilo : 9,84€/kgPâtes Bio Tagliatelles Curcuma et Pavot - Origine France - Sachet de 250 g.Ingrédients : Semoule supérieure de blé dur , curcuma (2%), pavot (0.3%)Valeurs nutritionelles ajoutées très bientôt"
"1,59","1,25",Vermicelles Demi-Complets - 500g,pates-riz-graines-et-cereales,par Priméal,"Prix au kilo : 2,5€/kgPâtes vermicelles demi-complètes - Origine Italie - Sachet de 500 g.Ingrédients : Semoule de blé dur demi-complète Valeurs nutritionnelles (pour 100g) : Energie (kJ/Kcal) 1519/358 ; Matières grasses : 1,1g ; Glucides : 75,2g ; Protéines : 11,5g ;"
"1,89","1,49",Flocons 5 céréales - 500g,pates-riz-graines-et-cereales,par Priméal,"Prix au kilo : 3€/kgFlocons aux 5 céréales : Avoine, Blé, Orge, Riz et Seigle - Origine France - Sachet de 500 g.Ingrédients : Gruaus d’avoine , grains de blé complet , d’orge complet , de riz complet et de seigle complet précuits à la vapeur et laminés entre deux cylindres Valeurs nutritionnelles (pour 100g) : Energie"
"4,49","3,28",Vermicelles de Riz Thai rouge - 240g,pates-riz-graines-et-cereales,par Autour Du Riz,"Prix au kilo : 13,71€/kg De magnifiques vermicelles de riz thaï rouge pour agrémenter vos pad thai, vos woks ou vos plats asiatiques. Un régale pour les régimes sans gluten et vegan!Ingrédients : Riz long complet, riz thaï rouge 30%, riz thaï complet, amidon de tapioca 100% issus de l'agriculture biologiqueValeurs nutr"
"3,75","2,79",Torsades Maïs et Riz sans Gluten - 500g,pates-riz-graines-et-cereales,par Ma Vie Sans Gluten,"Prix au kilo : 5,58€/kg Pâtes Spirales Maïs et Riz SANS GLUTEN - Origine Italie - Sachet de 500 g.Ingrédients : Farine de maïs (70%), farine de riz blanche (30%) Valeurs nutritionnelles (pour 100g) : Energie (kJ/Kcal) 1444/340 ; Matières grasses : 0,9g ; Glucides : 76g ; Protéines : 7g ;"
"1,89","1,50",Haricots Noirs - 500g,pates-riz-graines-et-cereales,par Markal,"Prix au kilo : 3,02€/kg Haricots noirs issus de l'agriculture biologique (Label AB). A déguster en accompagnement ou salade. Sachet de 500g. Ingrédients : Haricots noirsValeurs nutritionnelles (pour 100g) : Energie (kJ/Kcal) 1329/314 ; Matières grasses : 0,9g dont acides gras saturés : 0,23g ; Glucides : 47,8g dont Suc"
"3,29","2,40",Fusilli aux pois verts sans gluten - 250g,pates-riz-graines-et-cereales,par Ma Vie Sans Gluten,"Prix au kilo : 9,62€/kg Enfin des pâtes aux légumineuses savoureuses et légères. Grâce à une technique de fabrication spéciale, la couleur et les bienfaits des pois verts sont préservés dans ces fusillis 100% légumineuses ! Vous conservez aussi tous les apports nutritionnels des pois qui sont une source importante de p"
"3,16","2,54",Couscous aux fleurs - 300g,pates-riz-graines-et-cereales,par Priméal,"Prix au kilo : 8,45€/kgDécouvrez ce plat traditionnel et original avec le Couscous aux Fleurs Bio 300g ! Cette recette instantanée vous permettra de consommer des fleurs de façon originale. Elles apportent par leurs formes et leurs couleurs variées un plaisir visuel aux graines de couscous fines et rondes. A consommer "
"1,70","1,29",Spirales demi-complètes 100% France - 500g,pates-riz-graines-et-cereales,par Priméal,"Prix au kilo : 2,59€/kg De La Fourche à l'assiette ces pâtes sont bien françaises. Ça commence par la récolte du blé dur qui est récolté en Camargue et dans le sud-ouest par un groupement d’agriculteurs et de coopératives pour pérenniser un modèle alternatif de production. Ensuite, le plus ancien fabricant de semoule, "
"3,39","2,32",Couscous multicéréales - 300g,pates-riz-graines-et-cereales,par Priméal,"Prix au kilo : 7,72€/kgLes grains de blé, blé khorasan KAMUT, épeautre et maïs, longs à cuire, se retrouvent dans ce Couscous Multi-Céréales Priméal sous forme de graines de couscous précuites et faciles à préparer. Rondes, fines et parfumées avec des épices, des plantes aromatiques et quelques légumes, les graines réh"
"1,70","1,22",Ressorts complets - 500g,pates-riz-graines-et-cereales,par Priméal,"Prix au kilo : 2,44€/kg Sortez des pâtes ordinaires avec ces délicieux ressorts complets qui apporteront une petite touche d'excentricité dans vos délicieux plats de pâtes ainsi que les apports nutritionnels d'une farine complète. Faites vous plaisir et alliez fantaisie et bienfaits pour toute la famille !Ingrédients :"
"1,69","1,19",Graine De Tournesol - 250g,pates-riz-graines-et-cereales,par Priméal,"Prix au kilo : 4,76€/kgGraines de Tournesol - Origine Chine - Sachet de 250 g.Ingrédients : Graines de lin doré Valeurs nutritionnelles (pour 100g) : Energie (kJ/Kcal) 2357/564 ; Matières grasses : 49g ; Glucides : 18g ; Protéines : 21g ;"
"3,19","2,44",Riz Blanc pour Rizotto - 500g,pates-riz-graines-et-cereales,par Priméal,"Prix au kilo : 4,88€/kg Riz Arborio Blanc pour Rizotto - Origine Italie - Sachet de 500 g.Ingrédients : Riz arborio blanc Valeurs nutritionnelles (pour 100g) : Energie (kJ/Kcal) 1482/349 ; Matières grasses : 1g ; Glucides : 78g ; Protéines : 7g ;"
"3,49","2,68",Riz Rouge Long de Camargue - 500g,pates-riz-graines-et-cereales,par Priméal,"Prix au kilo : 5,38€/kgRiz Rouge - Origine Camargue - Sachet de 500 g.Ingrédients: Riz rouge de CamargueValeurs nutritionnelles (pour 100g) : Energie (kJ/Kcal) 1535/362 ; Matières grasses : 3,4g dont acides gras saturés : 0,7g ; Glucides : 78,2g dont Sucres : 2,5g ; Protéines : 7,8g ; Fibres : 3,2g; Sodium : 0,003g"
"1,59","1,20",Spaghettis Complets - 500g,pates-riz-graines-et-cereales,par Priméal,"Prix au kilo : 2,4€/kgSpaghettis demi-complets - Origine Italie - Sachet de 500 g.Ingrédients : Semoule de blé dur complète Valeurs nutritionnelles (pour 100g) : Energie (kJ/Kcal) 1369/323 ; Matières grasses : 1,8g ; Glucides : 65,4g ; Protéines : 11g ;"
"3,19","2,39",Riz Noir Nérone - 500g,pates-riz-graines-et-cereales,par Priméal,"Prix au kilo : 4,8€/kgRiz Noir Nérone - Origine Italie - Sachet de 500 g.Ingrédients : Riz noir complet naturellement coloré et parfumé (un léger goût de myrtilles et de mûres cuites)Valeurs nutritionnelles (pour 100g) : Energie (kJ/Kcal) 1440/340 ; Matières grasses : 2,7g dont acides gras saturés : 0,4g ; Glucides : 6"
"5,49","4,11",Trio De Quinoa Blanc Rouge Et Noir - 500g,pates-riz-graines-et-cereales,par Priméal,"Prix au kilo : 8,22€/kgCéréales grains de quinoa rouge, blanc et noir Bio - Sachet de 500 grammes.Ingrédients : Quinoa blanc , rouge , noir Valeurs nutritionnelles (pour 100g) : Energie (kJ/Kcal) 1440/341 ; Matières grasses : 6g ; Glucides : 59g ; Protéines : 12,5g ;"
"1,70","1,29",Macaroni demi-complets 100% France - 500g,pates-riz-graines-et-cereales,par Priméal,"Prix au kilo : 2,59€/kg De La Fourche à l'assiette ces pâtes sont bien françaises. Ça commence par la récolte du blé dur qui est récolté en Camargue et dans le sud-ouest par un groupement d’agriculteurs et de coopératives pour pérenniser un modèle alternatif de production. Ensuite, le plus ancien fabricant de semoule, "
"4,39","3,30",Riz Long Complet de Camargue - 1kg,pates-riz-graines-et-cereales,par Priméal,"Prix au kilo : 3,31€/kgRiz Long Complet - Origine Camargue - Sachet de 1 kg.Ingrédients : Riz long complet Valeurs nutritionelles ajoutées très bientôt"
"5,45","4,44",Graines De Courge - 500g,pates-riz-graines-et-cereales,par Markal,"Prix au kilo : 8,9€/kgGraines de courge issues de l'agriculture biologique. A incorporer dans vos salades, pains, mueslis, selon vos envies. Sachet de 500g.Ingrédients : Graines de courgeValeurs nutritionnelles (pour 100g) : Energie (kJ/Kcal) 2237/540 ; Matières grasses : 41,6g dont acides gras saturés : 7,4g ; Glucide"
"2,49","1,98",Haricots Rouges Kidney - 500g,pates-riz-graines-et-cereales,par Markal,"Prix au kilo : 3,98€/kgHaricots rouges Kidney issus de l'agriculture biologique. Idéal en accompagnement ou salade. Sachet de 500g.Ingrédients : Haricots rougesValeurs nutritionnelles (pour 100g) : Energie (kJ/Kcal) 1329/312 ; Matières grasses : 1,1g dont acides gras saturés : 0,15g ; Glucides : 46,1g dont Sucres : 2,1"
"2,69","2,42",Lentilles Vertes - 500g,pates-riz-graines-et-cereales,par Markal,"Prix au kilo : 4,84€/kgLentilles vertes issues de l'agriculture biologique. Idéales en accompagnement, soupes ou salades. Contenance : 500g. Ingrédients : Lentilles vertesValeurs nutritionnelles (pour 100g) : Energie (kJ/Kcal) 950/220 ; Matières grasses : 1,7g dont acides gras saturés : 0,2g ; Glucides : 28,5g dont Suc"
"1,79","1,28",Coquillettes Blanches Natures - 500g,pates-riz-graines-et-cereales,par Priméal,"Prix au kilo : 2,58€/kgCoquillettes Blanches Natures - Origine Italie - Sachet de 500 g.Ingrédients : Semoule de blé dur blanche Valeurs nutritionnelles (pour 100g) : Energie (kJ/Kcal) 1450/342 ; Matières grasses : 1,4g ; Glucides : 71,1g ; Protéines : 10,9g ;"
"4,45","3,40",Fusilli 100% Sarrasin sans Gluten - 500g,pates-riz-graines-et-cereales,par Ma Vie Sans Gluten,"Prix au kilo : 6,8€/kg Fusilli 100% Sarrasin Sans Gluten : Ingrédients issus de l'agriculture biologique UE, saveur sarrasin agréable et bien marquée. Sachet de 500g.Ingrédients : Farine de sarrasin issue de l’agriculture biologiqueValeurs nutritionnelles (pour 100g) : Energie (kJ/Kcal) 1485/350 ; Matières grasses : 1,"
"6,90","5,11",Flocons de quinoa - 500g,pates-riz-graines-et-cereales,par Priméal,"Prix au kilo : 10,22€/kgLes Flocons de quinoa bio sont constitués de grains de céréales entiers nettoyés et décortiqués puis cuits à la vapeur. La composition du quinoa est remarquable par sa grande quantité de protéines de haute qualité. Il renferme également du manganèse, du fer et du cuivre en proportion notable. Na"
"1,85","1,36",Flocons d'avoine gros - 500g,pates-riz-graines-et-cereales,par Markal,"Prix au kilo : 2,72€/kgGros flocons d'avoine issus de l'agriculture bio. Idéal au petit déjeuner ou dans des plats sucrés ou salés.Ingrédients : AvoineValeurs nutritionnelles (pour 100g) : Valeur énergétique : 1533 kJ soit 364kcal ; Matières grasses : 6,9g dont acides gras saturés : 0,6g ; Glucides : 56g dont Sucres : "
"3,39","2,56",Codini Blé et Quinoa à la provençale - 500g,pates-riz-graines-et-cereales,par Priméal,"Prix au kilo : 5,12€/kg Parfumées avec de la tomate, des aubergines et des poivrons bio séchés puis broyés et incorporés à la semoule de blé dur, vous l'aurez compris il n'y a pas de colorants ni d'arômes artificiels dans ces codini. Ils se consomment tout simplement, sans sauce pour ne pas dénaturer leur goût extra. U"
"2,70","2,09",Flocons de millet - 500g,pates-riz-graines-et-cereales,par Priméal,"Prix au kilo : 4,18€/kgFlocons de Millet - Sachet de 500 g.Ingrédients : Grains de millet précuits à la vapeur et laminés entre deux cylindresValeurs nutritionelles ajoutées très bientôt"
"3,09","2,26",Petit épeautre de Haute Provence - 500G,pates-riz-graines-et-cereales,par Priméal,"Prix au kilo : 4,53€/kgCe grain mondé de petit épeautre de Haute Provence est obtenu après une légère abrasion du grain déjà débarassé de ses enveloppes inconsommables. On parle de grain ""blanchi"".Ingrédients : Petit épeautre de Haute Provence* mondé (légèrement poli) (engrain-triticum monococcum). Mode de culture trad"
"1,79","1,19",Son d'Avoine - 200g,pates-riz-graines-et-cereales,par Priméal,"Prix au kilo : 5,95€/kgSon d'Avoine - Origine France - Sachet de 200 g.Ingrédients : Son d’avoine Valeurs nutritionnelles (pour 100g) : Energie (kJ/Kcal) 1350/320 ; Matières grasses : 7,7g ; Glucides : 47g ; Protéines : 17g ; Fibres : 16g"
"2,89","2,08",Spaghetti Maïs et Riz - 500g,pates-riz-graines-et-cereales,par Ma Vie Sans Gluten,"Prix au kilo : 4,17€/kg Des spaghetti à base de farine de mais et de riz avec une texture légère et savoureuse qui vous permettra de ravir la famille sans une once de gluten. Andiamo ! Attention, la cuisson des pâtes sans gluten est parfois délicate. Surtout ne remuez pas trop vos pâtes et respectez bien le temps indiq"
"2,99","2,14",Amarante - 500g,pates-riz-graines-et-cereales,par Priméal,"Prix au kilo : 4,28€/kgCéréales grains d'Amarante Bio - Sachet de 500 grammes.Ingrédients : AmaranteValeurs nutritionnelles (pour 100g) : Energie (kJ/Kcal) 1540/365 ; Matières grasses : 8,8g ; Glucides : 56,8g ; Protéines : 14,6g ;"
"2,60","2,09",Flocons d'avoine sans gluten - 500g,pates-riz-graines-et-cereales,par Grillon d'or,"Prix au kilo : 4,18€/kg Pour ceux qui veulent des céréales au petit déjeuner mais quand même éviter le gluten, ces flocons d'avoine sont faits pour vous ! Certifié bio et sans gluten, issu de l'agriculture biologique, naturellement riche en fibres et protéines. Sachet de 500gIngrédients : AvoineValeurs nutritionnelles "
"3,39","2,59",Spaghetti Blé et Quinoa Tomate - 500g,pates-riz-graines-et-cereales,par Priméal,"Prix au kilo : 5,18€/kgParfumées uniquement avec de la tomate et de l'ail bio broyés dans la semoule de blé dur, ces pâtes sont garanties sans colorants ni arômes de synthèse. Vous pouvez les consommer très simplement pour préserver leur goût savoureux. De l''huile d'olive, quelques tomates confites et voilà !Ingrédien"
"3,09","2,40",Blé khorasan Kamut - 500g,pates-riz-graines-et-cereales,par Priméal,"Prix au kilo : 4,82€/kgCéréales Grains de Kamut Bio - Sachet de 500 grammes.Ingrédients : Blé khorasan Kamut complet (Triticum turgidum)Valeurs nutritionnelles (pour 100g) : Energie (kJ/Kcal) 1420/336 ; Matières grasses : 2,1g dont acides gras saturés : 0,5g ; Glucides : 59,8g dont Sucres : 1g ; Protéines : 13,8g ; Fib"
"2,49","1,82",Millet Décortiqué - France - 500g,pates-riz-graines-et-cereales,par Priméal,"Prix au kilo : 3,64€/kgCéréales Millet décortiqué Bio origine France - Sachet de 500 grammes.Ingrédients : Millet cultivé et décortiqué en FranceValeurs nutritionnelles (pour 100g) : Energie (kJ/Kcal) 1369/327 ; Matières grasses : 2.9g ; Glucides : 72,9g ; Protéines : 9,9g ;"
"2,42","1,83",Sarrasin décortiqué - 500g,pates-riz-graines-et-cereales,par Priméal,"Prix au kilo : 3,66€/kgLe sarrasin décortiqué est naturellement sans gluten. Ingrédients : Sarrasin décortiqué* * Ingrédient issu d'agriculture biologiqueValeurs nutritionnelles (pour 100g) : Valeur énergétique : 1436 kJ soit 339 kcal, Protéines : 11.3 g, Glucides : 64.0 g dont sucres 0.8g, Lipides : 3.0 g dont saturés"
"3,99","3,00",Couscous Maïs Riz - 500g,pates-riz-graines-et-cereales,par Priméal,"Prix au kilo : 6,02€/kg Ce délicieux couscous est réalisé avec 2 céréales naturellement sans gluten ! Enfin un peu de changement pour accompagner vos plats préférés. Se marie particulièrement avec des légumes sautés ou en ragoût mais aussi délicieux froid en taboulé. Bon appétit ! Conseils d'utilisation : verser 1 volu"
"3,49","2,68",Trio De Lentilles - 500g,pates-riz-graines-et-cereales,par Priméal,"Prix au kilo : 5,36€/kgTrio de Lentilles Bio à base de lentilles vertes, roses et jaunes - Origine France - Sachet de 500 g.Ingrédients : Lentilles vertes , lentilles roses , lentilles jaunes décortiquée et huilée (huile de tournesol )Valeurs nutritionelles ajoutées très bientôt"
"4,19","3,43",Tagliatelles Thaïes De Riz - 400g,pates-riz-graines-et-cereales,par Autour Du Riz,"Prix au kilo : 8,6€/kgDécouvrez ces Tagliatelles Thaïes de Riz 400g, à consommer natures ou assaisonnées et qui donneront à vos plats le goût de la gastronomie Thaïlandaise en un tour de main. . Faites tremper dans de l’eau froide les tagliatelles pendant 10 mn avant de les plonger dans un grand volume d'eau bouillante"
"3,49","2,51",Graine De Pavot - 250g,pates-riz-graines-et-cereales,par Priméal,"Prix au kilo : 10,08€/kgGraines de Pavot - Origine Turquie - Sachet de 250 g.Ingrédients : Graines de Pavot Bleu Valeurs nutritionnelles (pour 100g) : Energie (kJ/Kcal) 2227/533 ; Matières grasses : 44,7g ; Glucides : 52,3g ; Protéines : 15,8g ;"
"3,99","2,89",Penne au quinoa sans gluten - 250g,pates-riz-graines-et-cereales,par Ma Vie Sans Gluten,"Prix au kilo : 11,56€/kg Des penne pas comme les autres à base de farine de riz et de quinoa. Ces pâtes sont très goutteuses et vont vous réconcilier avec les produits sans gluten. A consommer chaud accompagné d'huile d’olive, d’une noix de beurre, en gratin ou encore froid en salade. Attention, la cuisson des pâtes sa"
"2,59","1,88",Flocons d'épeautre - 500g,pates-riz-graines-et-cereales,par Priméal,"Prix au kilo : 3,76€/kgFlocons d'épeautre - Origine France - Sachet de 500 g.Ingrédients : Grains d’épeautre complet précuits à la vapeur et laminés entre deux cylindres Valeurs nutritionnelles (pour 100g) : Energie (kJ/Kcal) 1371/328 ; Matières grasses : 1,9g ; Glucides : 74g ; Protéines : 12,5g ;"
"4,09","2,95",Couscous Du Soleil sans Gluten - 275g,pates-riz-graines-et-cereales,par Ma Vie Sans Gluten,"Prix au kilo : 10,73€/kgLe Couscous du soleil Bio de Ma vie sans gluten est un savoureux plat oriental sain et ensoleillé. Le couscous est un plat typique berbère marocain, riche d'ingrédients sains, sans gluten et délicieux. A base de semoule de maïs, de riz blanc, de tomates, carottes, épices, cannelle, clous de giro"
"2,90","2,40",Couscous marocain - 300g,pates-riz-graines-et-cereales,par Priméal,"Prix au kilo : 8€/kgDécouvrez ce plat traditionnel et original avec le Couscous Marocain 300g ! A consommer de préférence chaud, seul ou en accompagnement. Sachet de 300g. Parfumé en épices et aromates, ce couscous apporte toutes les saveurs et les couleurs de l’orient dans votre assiette. Composé de semoule de blé com"
"1,75","1,36",Graine De Lin Brun - France - 250g,pates-riz-graines-et-cereales,par Priméal,"Prix au kilo : 5,44€/kgGraines de Lin Brun - Origine France - Sachet de 250 g.Ingrédients : Graines de lin brun Valeurs nutritionnelles (pour 100g) : Energie (kJ/Kcal) 2056/492 ; Matières grasses : 34g ; Glucides : 34,2g ; Protéines : 19,5g ;"
"3,89","2,82",Minestrone toscana - 500g,pates-riz-graines-et-cereales,par Autour Du Riz,"Prix au kilo : 5,64€/kgSoupe régionale italienne, la minestrone alla toscana est un classique qui contient un mélange de riz et légumineuses tous issus de l'agriculture biologique. Le riz complet italien est l'ingrédient phare de cette recette de minestroni purement italienne. 1 sachet pour 8 portions. Recette 100% ita"
"3,89","2,97",Sésame grillé complet - 500g,pates-riz-graines-et-cereales,par Markal,"Prix au kilo : 5,95€/kg Avec leur agréable goût de noisette, les graines de sésame complet grillé Markal peuvent se glisser dans de multiples préparations sous forme de purée ""tahin"" pour assaisonner les sauces, salades, plats et desserts, sur les pains, les biscuits et confiseries.Sésame Complet - Origine Paraguay - S"
"3,02","2,12",Flocons de sarrasin - 500g,pates-riz-graines-et-cereales,par Priméal,"Prix au kilo : 4,23€/kg Ces flocons sont obtenus après cuisson vapeur de grains de sarrasin de l’espèce Polygonum Fagopyrum dont la pellicule seule a été éliminée.Ingrédients : Grains de sarrasin complet*(espèce Polygonum Fagopyrum) précuits à la vapeur et laminés entre 2 cylindre * Ingrédient issu d'agriculture biolog"
"3,89","2,81",Mezzi Rigatoni multicéréales sans gluten - 500g,pates-riz-graines-et-cereales,par Ma Vie Sans Gluten,"Prix au kilo : 5,63€/kg De beaux Rigatoni pour égayer vos pâtes bien garnies de sauce ou vos gratins familiaux. Le tout sans gluten mais avec 5 farines de céréales différentes : du maïs, du riz blanc et complet, du sarrasin ainsi que du quinoa pour un goût incomparable. Ravira les petits et les grands ! Attention, la c"
"2,30","1,74",Graine De Lin Doré - France - 250g,pates-riz-graines-et-cereales,par Priméal,"Prix au kilo : 7€/kgGraines de Lin Doré - Origine France - Sachet de 250 g.Ingrédients : Graines de lin doré Valeurs nutritionnelles (pour 100g) : Energie (kJ/Kcal) 2056/492 ; Matières grasses : 34g ; Glucides : 34,2g ; Protéines : 19,5g ;"
"1,70","1,29",Coquillettes demi-complètes 100% France - 500g,pates-riz-graines-et-cereales,par Priméal,"Prix au kilo : 2,59€/kg De La Fourche à l'assiette ces pâtes sont bien françaises. Ça commence par la récolte du blé dur qui est récolté en Camargue et dans le sud-ouest par un groupement d’agriculteurs et de coopératives pour pérenniser un modèle alternatif de production. Ensuite, le plus ancien fabricant de semoule, "
"5,00","3,50",Quinoa Real Blanc - 500g,pates-riz-graines-et-cereales,par Priméal,"Prix au kilo : 6,22€/kgCéréales grains de quinoa Bio - Boîte de 500 grammes.Ingrédients : Quinoa Réal Valeurs nutritionnelles (pour 100g) : Energie (kJ/Kcal) 1499/354 ; Matières grasses : 5,5g ; Glucides : 63,7g ; Protéines : 12,5g ;"
"3,39","2,31",Tortils au Citron et au Safran - 250g,pates-riz-graines-et-cereales,par Priméal,"Prix au kilo : 9,28€/kgPâtes Bio Tortils au Citron et au Safran - Origine France - Sachet de 250 g.Ingrédients : Semoule supérieure de blé dur , huile essentielle de citron , safran , curcumaValeurs nutritionelles ajoutées très bientôt"
"2,55","1,80",Haricots Azukis - 500g,pates-riz-graines-et-cereales,par Priméal,"Prix au kilo : 3,62€/kgAzukis (haricots rouges d'Asie au goût très doux) - Origine Chine - Sachet de 500 g.Ingrédients : AzukisValeurs nutritionnelles (pour 100g) : Energie (kJ/Kcal) 1236/294 ; Matières grasses : 0,6g ; Glucides : 51,7g ; Protéines : 17,3g ;"
"2,19","1,48",Sésame Complet - 250g,pates-riz-graines-et-cereales,par Priméal,"Prix au kilo : 5,96€/kgSésame Complet - Origine Mali - Sachet de 250 g.Ingrédients : Sésame complet Valeurs nutritionnelles (pour 100g) : Energie (kJ/Kcal) 2395/573 ; Matières grasses : 49,6g ; Glucides : 23,4g ; Protéines : 17,7g ;"
"2,55","1,96",Pois Chiches - 500g,pates-riz-graines-et-cereales,par Markal,"Prix au kilo : 3,92€/kgPois chiches issus de l'agriculture biologique (Label AB). Idéal en accompagnement, purée ou salade. Sachet de 500g.Ingrédients : Pois chichesValeurs nutritionnelles (pour 100g) : Energie (kJ/Kcal) 1412/336 ; Matières grasses : 5,9g dont acides gras saturés : 0,5g ; Glucides : 44,3g dont Sucres :"
"1,99","1,43",Semoule De Blé Dur Fine Complète - 500g,pates-riz-graines-et-cereales,par Priméal,"Prix au kilo : 2,88€/kgSemoule de Blé Dur Fine Complète Bio - Origine Italie - Sachet de 500 g.Ingrédients : Blé dur completValeurs nutritionnelles (pour 100g) : Energie (kJ/Kcal) 1533/365 ; Matières grasses : 1,1g ; Glucides : 74g ; Protéines : 10,9g ;"
"1,70","1,29",Spirales blanches - 500g,pates-riz-graines-et-cereales,par Priméal,"Prix au kilo : 2,59€/kgLes délicieuses spirales de Priméal viennent tout droit d'Italie. Avec une sauce tomate et un bon pesto, régalez toute la famille.Ingrédients : Semoule de blé dur demi-complèteValeurs nutritionnelles (pour 100g) : Valeur énergétique : 1450Kj soit 342kcal, Protéines : 10,9g, Glucides : 71,1g , Lip"
"1,99","1,21",Boulgour Traditionnel - 500g,pates-riz-graines-et-cereales,par Priméal,"Prix au kilo : 2,44€/kgBoulgour Traditionnel Bio - Origine Turquie - Sachet de 500 g.Ingrédients : Blé dur précuit et concasséValeurs nutritionelles ajoutées très bientôt"
"3,59","2,40",Fusilli Lentilles Corail sans gluten - 250g,pates-riz-graines-et-cereales,par Ma Vie Sans Gluten,"Prix au kilo : 9,62€/kg Des fusilli pleins de couleur et de bonnes choses, 100% légumineuses et sans gluten. Grâce à une technique de fabrication spéciale, la couleur et les qualités des lentilles corail sont préservées. Vous conservez aussi tous les apports nutritionnels des lentilles corail qui sont une source import"
"2,45","1,94",Pois Cassés Verts - 500g,pates-riz-graines-et-cereales,par Markal,"Prix au kilo : 3,88€/kgPois cassés Verts issus de l'agriculture biologique. Idéal en accompagnement, purée ou velouté. Sachet de 500g.Ingrédients : Pois cassés vertsValeurs nutritionnelles (pour 100g) : Energie (kJ/Kcal) 1260/300 ; Matières grasses : 1,2g dont acides gras saturés : 0,16g ; Glucides : 35g dont Sucres : "
"1,59","1,13",Coquillettes Complètes - 500g,pates-riz-graines-et-cereales,par Priméal,"Prix au kilo : 2,26€/kgCoquillettes demi-complètes - Origine Italie - Sachet de 500 g.Ingrédients : Semoule de blé dur complète Valeurs nutritionnelles (pour 100g) : Energie (kJ/Kcal) 1369/323 ; Matières grasses : 1,8g ; Glucides : 65,4g ; Protéines : 11g ;"
"3,99","2,72",Riz Basmati Demi-Complet - 500g,pates-riz-graines-et-cereales,par Autour Du Riz,"Prix au kilo : 5,44€/kg Riz Basmati demi-complet étuvé 500G Bio. Variété Pusa. Ce riz est cultivé exclusivement au Penjad (pays du basmati), région pluvieuse au nord du désert de Tar et assez froide en hiver situé entre l'inde et le pakistan. Le basmati est une variété de riz long naturellement parfumé qui est cultivé "
"1,60","1,22",Spaghetti demi-complets - 500g,pates-riz-graines-et-cereales,par Priméal,"Prix au kilo : 2,44€/kg C'est parti pour les spaghetti de la Mama mais cette fois ci avec tous les apports nutritionnels d'une farine de blé demi-complète. Légère mais plein de bienfaits nutritionnels, la farine de blé vient d'Italie et les pâtes sont produites selon leur savoir faire ancestral. Un pesto, une sauce tom"
"1,59","1,20",Pâte à lasagnes blanche - 250g,pates-riz-graines-et-cereales,par La Bio Idea,"Prix au kilo : 4,8€/kgEnvie de lasagnes ? Ces lasagnes blanches vous permettront de réaliser et réussir de délicieux plats aux saveurs et parfums d'Italie ! Et n'oubliez pas d'ajouter un peu de passata ou de coulis de tomates (on en a aussi !). Contenance : 250g; Origine / Fabrication : ItalieIngrédients : Semoule de b"
"1,69","1,24",Ressorts Amarante Pois Chiches - 250g,pates-riz-graines-et-cereales,par Priméal,"Prix au kilo : 4,96€/kgPâtes Bio Ressorts Amarante et Pois Chiches - Origine Italie - Sachet de 250g.Ingrédients : Semoule de blé dur , amarante (20%),pois chiches (20%), persil Valeurs nutritionnelles (pour 100g) : Energie (kJ/Kcal) 1484/350 ; Matières grasses : 2,5g ; Glucides : 70,4g ; Protéines : 11,5g ;"
"3,29","2,40",Graine De Chia - 250g,pates-riz-graines-et-cereales,par Markal,"Prix au kilo : 9,64€/kgGraines de chia issues de l'agriculture biologique. A saupoudrer ou pour la conception du gel de chia. Sachet de 250g.Ingrédients : Graines de chiaValeurs nutritionnelles (pour 100g) : Energie (kJ/Kcal) 1856/450 ; Matières grasses : 31,4g dont acides gras saturés : 12,2g ; Glucides : 3,8g ; Proté"
"3,30","2,63",Riz Basmati Blanc - 500g,pates-riz-graines-et-cereales,par Autour Du Riz,"Prix au kilo : 5,26€/kgRiz basmati blanc origine Inde. Plongez un volume de riz dans un volume d'eau bouillante salée. Laissez cuire à feu doux jusqu'à l'absorption totale du liquide.Ingrédients : 100% riz basmati blanc issu de l'agriculture biologique.Valeurs nutritionnelles (pour 100g) : Energie (kJ/Kcal) 1471/347 ; "
"3,39","2,38",Riz Thaï Demi-complet - 500g,pates-riz-graines-et-cereales,par Autour Du Riz,"Prix au kilo : 4,76€/kg Riz Thaï demi-complet 500G Bio. Un riz thaï tire son nom de son pays d'origine, la Thaïlande, où les sols riches en minéraux lui donnent son arôme si particulier. Autour du Riz a choisi de travailler avec des producteurs de la province de Chiang Rai, à l'extrême nord du pays. Avec eux nous nous "
"1,59","1,17",Polenta Instantanée - 500g,pates-riz-graines-et-cereales,par Markal,"Prix au kilo : 2,36€/kgPolenta issue de l'agriculture biologique, s'accomode parfaitement aux plats de viande. Sachet de 500g.Ingrédients : MaïsValeurs nutritionnelles (pour 100g) : Energie (kJ/Kcal) 1465/345 ; Matières grasses : 1,7g dont acides gras saturés : 0,29g ; Glucides : 74g dont Sucres : 0,6g ; Protéines : 8,"
"3,20","2,35",Riz Thaï Blanc - 500g,pates-riz-graines-et-cereales,par Autour Du Riz,"Prix au kilo : 4,72€/kg Un riz thaï tire son nom de son pays d'origine, la Thaïlande, où les sols riches en minéraux lui donnent son arôme si particulier.Autour du Riz a choisi de travailler avec des producteurs de la province de Chiang Rai, à l'extrême nord du pays. Avec eux nous nous engageons pour une qualité absolu"
"1,49","1,11",Macaronis Complets - 500g,pates-riz-graines-et-cereales,par Priméal,"Prix au kilo : 2,24€/kgMacaronis complets - Origine Italie - Sachet de 500 g.Ingrédients : Semoule de blé dur complète Valeurs nutritionnelles (pour 100g) : Energie (kJ/Kcal) 1369/323 ; Matières grasses : 1,8g ; Glucides : 65,4g ; Protéines : 11g ;"
"2,29","1,86",Lentilles Corail Décortiquées - 500g,pates-riz-graines-et-cereales,par Markal,"Prix au kilo : 3,72€/kgLentilles rouges Corail issues de l'agriculture biologique. Idéales en accompagnement, purée ou soupe. Sachet de 500g.Ingrédients : Lentilles rougesValeurs nutritionnelles (pour 100g) : Energie (kJ/Kcal) 1350/320 ; Matières grasses : 1,8g dont acides gras saturés : tracesg ; Glucides : 45g dont S"
"1,80","1,36",Papillon demi-complets - 500g,pates-riz-graines-et-cereales,par Priméal,"Prix au kilo : 2,73€/kg Goûtez aux papillons Priméal. Un classique qui ravira toute la famille avec un pesto (maison en été !) Originaire d'Italie et fort d'un savoir faire ancestral, vous plairait à toute la famille.Ingrédients : Semoule de blé dur demi-complèteValeurs nutritionnelles (pour 100g) : Valeur énergétique "
"1,59","1,13",Crêtes de Coq Blanches Natures - 500g,pates-riz-graines-et-cereales,par Priméal,"Prix au kilo : 2,26€/kgCrêtes de Coq Blanches Natures - Origine Italie - Sachet de 500 g.Ingrédients : Semoule de blé dur blanche Valeurs nutritionnelles (pour 100g) : Energie (kJ/Kcal) 1450/342 ; Matières grasses : 1,4g ; Glucides : 71,1g ; Protéines : 10,9g ;"
"3,69","2,83",Couscous Maïs Riz Et Chia Parfumé Au Citron - 300g,pates-riz-graines-et-cereales,par Priméal,"Prix au kilo : 9,47€/kg Couscous Riz, Maïs et Chia Parfumé Citron 300g : Cette recette instantanée est à consommer de préférence chaud, seul ou en accompagnement. Sachet de 300g.Ingrédients : Semoule de maïs (66,3%) et de riz (28,4%), graines de chia noir (Salvia hispanica) (3%), sel marin, huile essentielle de citronV"
"3,99","2,79",Risotto Aux Cèpes - 300g,pates-riz-graines-et-cereales,par Priméal,"Prix au kilo : 9,33€/kg Le risotto, star des plats italiens est ici imprégné de la saveur du cèpe. Le mélange est crémeux tout en gardant le côté croquant du grain de riz. 300gIngrédients: Riz arborio blanc*, cèpes* 3.5%, oignons*, sel marin, huile d'olive vierge extra*, ail des ours*, poivrfe*, antioxydant: extrait de"
"1,69","1,21",Spaghettis Blancs Natures - 500g,pates-riz-graines-et-cereales,par Priméal,"Prix au kilo : 2,42€/kgSpaghettis Blancs Natures - Origine France - Sachet de 500 g.Ingrédients : Semoule de blé dur blanche Valeurs nutritionnelles (pour 100g) : Energie (kJ/Kcal) 1450/342 ; Matières grasses : 1,4g ; Glucides : 71,1g ; Protéines : 10,9g ;"
"1,59","1,25",Penne demi-complètes - France - 500g,pates-riz-graines-et-cereales,par Priméal,"Prix au kilo : 2,5€/kgPâtes pennes demi-complètes - Origine Italie - Sachet de 500 g.Ingrédients : Semoule de blé dur demi-complète Valeurs nutritionnelles (pour 100g) : Energie (kJ/Kcal) 1519/358 ; Matières grasses : 1,1g ; Glucides : 75,2g ; Protéines : 11,5g ;"
"19,49","14,78",Café en Grains Origine Mexique - 1kg,pains-et-petit-dejeuner,par Café Michel,"Prix au kilo : 14,78€/kgCafé du Mexique Arabica en grain pure origine - Terroir de l'Alto Chiapas 1kg. Ingrédients: Café Moulu du Mexique ajoutées très bientôt"
"5,35","4,45",Muesli croustillant framboise chocolat sans gluten et huile de palme - 500g,pains-et-petit-dejeuner,par Favrichon,"Prix au kilo : 8,9€/kgDécouvrez l’alliance gourmande de pépites de céréales croustillantes au chocolat, de framboises et de morceaux de chocolat dans ce délicieux muesli Favrichon. Muesli croustillant Framboise Chocolat. Ingrédients issus de l'agriculture biologique. Sans gluten, sans huile de palme.Ingrédients : Céréa"
"18,49","14,27",Café en Grains Origine Honduras - 1kg,pains-et-petit-dejeuner,par Café Michel,"Prix au kilo : 14,27€/kgCafé du Honduras Arabica en grains pure origine - Terroir de Marcala 1kg. Ingrédients: Café en Grains du Honduras ajoutées très bientôt"
"11,29","7,87",Miel De Thym - 450g,pains-et-petit-dejeuner,par Bonamel,"Prix au kilo : 17,51€/kg Miel de thym issu de l'agriculture biologique. Contenance :450 grIngrédients : Miel de thym issu de l'agriculture biologiqueValeurs nutritionelles ajoutées très bientôt"
"3,89","2,76",Pain hamburger sans gluten - 200g,pains-et-petit-dejeuner,par Nature & Cie,"Prix au kilo : 13,8€/kgDeux pains prêts à garnir pour faire soi-même de délicieux hamburgers.Ingrédients : Eau, farine de riz*, fécule de pomme de terre*, amidon de maïs*, levure de boulanger, graines de lin*, huile d’olive*, sucre de canne*, sel, épaississant : gomme de guar*. *Ingrédients issus de l'agriculture biolo"
"4,19","2,65",Confiture Délice Mirabelle Bio 99% sans sucre ajouté - 290g,pains-et-petit-dejeuner,par Vitabio,"Prix au kilo : 9,13€/kgUne confiture sans sucres ajoutés. Avec 99% de fruits, dont 65% de mirabelles de Lorraine bio et du sucre naturel de fruits remplaçant le sucre ajouté habituellement, cette confiture ressemble à celle de votre grand-mère ! Idéale pour apporter toute la douceur et la gourmandise des fruits à vos t"
"1,19","0,85",Galettes 100 % Épeautre - 100g,pains-et-petit-dejeuner,par Lima,"Prix au kilo : 8,6€/kgGalette 100 % épeautre LIMA 100 % bio. Se mange en remplacement du pain avec une garniture salée ou sucrée. 100 gIngrédients : Epeautre , Sel MarinValeurs nutritionnelles (pour 100g) : Energie (kJ/Kcal) 1552/371 ; Matières grasses : 2,4g dont acides gras saturés : 0,5g ; Glucides : 66,5g dont Sucr"
"3,39","2,45",Infusion Exotique Choco - 17 infusettes,pains-et-petit-dejeuner,par Yogi Tea,"Prix unitaire : 0,14€/infusetteInfusion exotique à base de cabosse de cacao, cannelle et cardamome. Boîte de 17 infusettes.Composition : Ecorse de cacao (60%), cannelle, reglisse, caroube, malt d'orge, cardamone, gingembre, clous de girofle, extrait de cannelle*, extrait de vanille*, poivre noir, huile de gingembre*, g"
"3,02","2,12",Flocons de sarrasin - 500g,pains-et-petit-dejeuner,par Priméal,"Prix au kilo : 4,23€/kg Ces flocons sont obtenus après cuisson vapeur de grains de sarrasin de l’espèce Polygonum Fagopyrum dont la pellicule seule a été éliminée.Ingrédients : Grains de sarrasin complet*(espèce Polygonum Fagopyrum) précuits à la vapeur et laminés entre 2 cylindre * Ingrédient issu d'agriculture biolog"
"16,99","10,91",Miel De Fleurs Sauvages - 900g,pains-et-petit-dejeuner,par Bonamel,"Prix au kilo : 12,12€/kg Miel toutes fleurs issu de l'agriculture biologique. Contenance : 1kgIngrédients : Miel toutes fleurs issu de l'agriculture biologiqueValeurs nutritionelles ajoutées très bientôt"
"5,25","4,06",Muesli croustillant lin et graines de courges - 450g,pains-et-petit-dejeuner,par Favrichon,"Prix au kilo : 9,03€/kgDe délicieuses pépites de 3 céréales complètes agrémentées de savoureuses graines de courge et de lin, riches en oméga 3. Céréales complètes : avoine, riz, blé. Riche en fibres Sucre de canne complet, non raffiné, obtenu à partir de pur jus de canne. Sans huile de palmeIngrédients : Céréales* com"
"3,69","2,28",Confiture Délice Orange Bio 99% sans sucre ajouté - 290g,pains-et-petit-dejeuner,par Vitabio,"Prix au kilo : 7,86€/kgUne confiture sans sucres ajoutés. Avec 99% de fruits, dont 65% d'oranges bio et du sucre naturel de fruits remplaçant le sucre ajouté habituellement, cette confiture ressemble à celle de votre grand-mère ! Idéale pour apporter toute la douceur et la gourmandise des fruits à vos tartines, crêpes,"
"4,99","4,17",Muesli au Chocolat - 500g,pains-et-petit-dejeuner,par Grillon d'or,"Prix au kilo : 8,34€/kgPour les gourmands soucieux de leur ligne, le Muesli Chocolat est idéal au petit déjeuner ! Sachet de 500g.Ingrédients : Flocons de céréales (avoine , blé ), paillettes de chocolat 14,5% (sucre de canne , masse de cacao , beurre de cacao , lécithines de tournesol), noisettes 11%, soufflettes de c"
"1,89","1,33",Galettes de riz de Camargue aux céréales anciennes - 130g,pains-et-petit-dejeuner,par Ma Vie Sans Gluten,"Prix au kilo : 10,31€/kgGalettes de riz de Camargue aux céréales anciennes 130g: Légères et très croustillantes, ces galettes s’utilisent en remplacement du pain pour le petit déjeuner, le goûter, etc! Garantie sans Gluten. Étui 130gIngrédients : Riz rond complet et riz rond demi-complet de Camargue IGP(1 (91,67%),céré"
"4,19","2,65",Confiture Délice Griotte Bio 99% sans sucre ajouté - 290g,pains-et-petit-dejeuner,par Vitabio,"Prix au kilo : 9,13€/kgUne confiture sans sucres ajoutés. Avec 99% de fruits, dont 65% de cerises griottes bio et du sucre naturel de fruits remplaçant le sucre ajouté habituellement, cette confiture ressemble à celle de votre grand-mère ! Idéale pour apporter toute la douceur et la gourmandise des fruits à vos tartine"
"3,69","2,75",Tartines Craquantes Au Quinoa - 150g,pains-et-petit-dejeuner,par Le pain des fleurs,"Prix au kilo : 18,33€/kgTartines craquantes sans gluten au Quinoa, issues de la filière 100% bio et 100 % commerce équitable de Priméal. 150 g. Prix LPPR = 0,72 €Ingrédients : Farine de riz demi-complète*, farine de quinoa*(40%), sucre de canne complet* (&lt;2%), selValeurs nutritionnelles (pour 100g) : Energie (kJ/Kca"
"3,89","2,96",Pain Aux Graines De Lin - 375g,pains-et-petit-dejeuner,par Ma Vie Sans Gluten,"Prix au kilo : 7,92€/kgLa présence de graines de lin offre à ce pain un atout nutritionnel et une saveur originale. Le double sachet garantit un maximum de fraîcheur! Garanti sans Gluten. 375gIngrédients : Céréales 59% (riz concassé ,millet en grains , sarrasin concassé , semoule de maïs ), farine de riz , eau, farine "
"6,19","4,72",Crème de Châtaigne Nature - 325g,pains-et-petit-dejeuner,par Priméal,"Prix au kilo : 14,52€/kg Texture onctueuse et gourmande...A déguster sans modération! 325gIngrédients: Crème de Châtaigne Natureajoutées très bientôt"
"4,95","4,00",Muesli croustillant 6 fruits sans gluten et huile de palme - 500g,pains-et-petit-dejeuner,par Favrichon,"Prix au kilo : 7,99€/kgMuesli croustillant 6 fruits (raisins, noix de coco, pommes, figues, amandes et bananes). Ingrédients issus de l'agriculture biologique. Sans gluten, sans huile de palme. Contenance : 500g. Ingrédients : Céréales* 48,8% (flocons d'avoine* complets 37,7%, riz* complet), fruits* 29% [raisins* 16% ("
"3,69","2,44",Confiture Délice Abricot Bio 99% sans sucre ajouté - 290g,pains-et-petit-dejeuner,par Vitabio,"Prix au kilo : 8,43€/kgUne confiture sans sucres ajoutés. Avec 99% de fruits, dont 65% d'Abricots bio et du sucre naturel de fruits remplaçant le sucre ajouté habituellement, cette confiture ressemble à celle de votre grand-mère ! Idéale pour apporter toute la douceur et la gourmandise des fruits à vos tartines, crêpes"
"1,69","1,33",Flocons D'Avoine Petits - 500g,pains-et-petit-dejeuner,par Markal,"Prix au kilo : 2,68€/kgFlocons d'Avoine Petits issus de l'agriculture bio. Idéal au petit déjeuner ou dans des plats sucrés ou salés. Sachet de 500g.Ingrédients : AvoineValeurs nutritionnelles (pour 100g) : Energie (kJ/Kcal) 1533/364 ; Matières grasses : 6,9g dont acides gras saturés : 0,6g ; Glucides : 56g dont Sucres"
"3,39","2,45",Infusion Rooibos - 17 infusettes,pains-et-petit-dejeuner,par Yogi Tea,"Prix au kilo : 0,14€/kgChaud, sucré et ensoleillé, ce rooibos irradie des racines sud-africaines. Sublimé par un mélange d'épices au gingembre, à la cannelle à la cardamone, au girofle et avec une pointe de poivre, le rooibos vous fera découvrir son arôme léger et boisé, avec une pointe de vanille et de caroube. La Ter"
"1,89","1,49",Flocons 5 céréales - 500g,pains-et-petit-dejeuner,par Priméal,"Prix au kilo : 3€/kgFlocons aux 5 céréales : Avoine, Blé, Orge, Riz et Seigle - Origine France - Sachet de 500 g.Ingrédients : Gruaus d’avoine , grains de blé complet , d’orge complet , de riz complet et de seigle complet précuits à la vapeur et laminés entre deux cylindres Valeurs nutritionnelles (pour 100g) : Energie"
"4,59","3,54",Tagliatelles Thaïes De Riz Complet - 400g,pates-riz-graines-et-cereales,par Autour Du Riz,"Prix au kilo : 8,85€/kg Découvrez ces Tagliatelles Thaïes de Riz Complet 400g, à consommer natures ou assaisonnées qui donneront à vos plats le goût de la gastronomie Thaïlandaise en un tour de main! Prêt en 15 minutes!Ingrédients : 100% riz complet thaïlandais*.*Issu de l’Agriculture Biologique.Valeurs nutritionnelles"
"3,39","2,45",Infusion Classic Cannelle - 17 infusettes,pains-et-petit-dejeuner,par Yogi Tea,"Prix unitaire : 0,14€/infusetteProfitez de la délicieuse boisson tonique Yogi Tea Classic ! Boîte de 17 sachets.Ingrédients : Cannelle (61%), cardamone, gingembre, clous de girofle, poivre noir, extrait de cannelle , huile de gingembreValeurs nutritionelles ajoutées très bientôt"
"3,99","2,91",Pain Essene Seigle Demeter - 500g,pains-et-petit-dejeuner,par Pural,"Prix au kilo : 5,81€/kgCe pain Essene complet fabriqué à partir de céréales cultivées en biodynamie, germées selon un processus d'excellence qui leur permet de garder toutes les qualités de germination. La saveur du seigle et sa faible teneur en sucre fera de ce pain un classique de vos petits déjeuners, apéritifs et e"
"3,99","2,96",Pain Aux 3 Cereales - 375g,pains-et-petit-dejeuner,par Ma Vie Sans Gluten,"Prix au kilo : 7,92€/kgPain Bio aux 3 céréales SANS GLUTEN - Origine France - Sachet de 375 g.Ingrédients : céréales complètes (55%) (riz , millet ,maïs ), farine de riz blanche , eau, farine de lupin , épaississant : gomme de guar, sel, levureValeurs nutritionnelles (pour 100g) : Energie (kJ/Kcal) 849/200 ; Matières g"
"1,29","0,90",Filtres à café 100% vegetal et biodegradables n°2 - x60,pains-et-petit-dejeuner,par Ecodoo,"Prix au kilo : 0,01€/kg Du café en filtre oui, mais en filtre écolo ! Ces filtres sont issus de fibres végétales 100% biodégradables, non blanchis et sans colle car les bords sont sertis sous pressions. Ils respectent l'arôme du café et vous permettront de composter votre marc chaque matin ! Taille 2Ingrédients : 100% "
"4,59","3,33",Pain au muesli - 620g,pains-et-petit-dejeuner,par Pural,"Prix au kilo : 5,37€/kgCe délicieux pain complet au muesli bio sans sucres ajoutés va transformer vos petit-déjeuner et les goûters des petits et grands. Réchauffez-le quelques minutes au four et retrouvez les saveurs des raisins, de l'abricot, de la figue et des noisettes. Un délice pour toute la familleIngrédients : "
"4,00","3,08",Infusion Minceur au Thé Vert - 20 infusettes,pains-et-petit-dejeuner,par Bioconseils,"Prix unitaire : 0,15€/infusetteInfusion Minceur Thé vert - 20 sachets Bio. Une infusion Bio pour aider à déstocker les graisses et favoriser la digestion. Pour toute personne à la recherche d'une boisson minceur complète. Et efficace, agréable à boire - Le thé vert et la verveine participent au drainage de l'organisme "
"9,59","6,97",Miel De Citronnier - 450g,pains-et-petit-dejeuner,par Bonamel,"Prix au kilo : 15,51€/kg Miel de citronnier issu de l'agriculture biologique. Contenance : 450gIngrédients : Miel de citronnier issu de l'agriculture biologiqueValeurs nutritionelles ajoutées très bientôt"
"3,45","2,59",Pain au sarrasin sans gluten - 250g,pains-et-petit-dejeuner,par Schnitzer,"Prix au kilo : 10,36€/kgUn succulent pain sans gluten au sarrasin. Ce pain sans gluten est très goûteux et est naturellement riche en fibres et en magnésium.Ingrédients : Levain naturel de sarrasin* (farine de sarrasin complète*, eau), eau, farine de maïs*, farine de soja*, farine de sarrasin complète*, graines de tour"
"6,09","4,49",Café Moulu Origine Ethiopie Décaféiné - 250g,pains-et-petit-dejeuner,par Café Michel,"Prix au kilo : 17,96€/kgCafé décaféiné d'Ethiopie Arabica décaféiné moulu pure origine - Moka Sidamo 250g. Ingrédients: Café Moulu d'Ethiopie ajoutées très bientôt"
"4,25","3,18",Petits pains de campagne sans gluten - 240g,pains-et-petit-dejeuner,par Nature & Cie,"Prix au kilo : 13,27€/kg4 Petits pains de campagne précuits sans lait, sans gluten et à faire chauffer au four. Ingrédients issus de l'agriculture biologique. Conditionnement : 240g.Ingrédients : Eau, amidon de maïs*, farine de riz blanc*, farine de sarrasin*, farine de millet*, amidon de manioc*, levure springer*, hui"
"3,29","2,54",Pain aux Raisins et cannelle - 620g,pains-et-petit-dejeuner,par Pural,"Prix au kilo : 4,1€/kgAvec plus de 30% de raisins secs, ce pain savoureux à la farine complète est un véritable délice. Réchauffez-le pendant 15 minutes, et découvrez ses arômes d'hiver envoutants. A déguster avec des tartinables ou au petit-déjeuner.Ingrédients : Raisins secs* (33%) , farine de BLÉ** complète, eau, fa"
"3,60","2,68",Pain Complet Riz & Graines de Tournesol Sans Gluten - 375g,pains-et-petit-dejeuner,par Pural,"Prix au kilo : 7,15€/kg Le Pain complet aux graines de tournesol est un pain complet au seigle cuit au levain avec des céréales bio fraîchement moulues. Les + produit : . Certifié bio . Sans lactose . Riche en fibres . Idéal au petit-déjeuner ou au goûterIngrédients : Céréales* 53% (riz complet* fraichement concassé 38"
"8,79","6,35",Yannoh Instant (Éco Recharge) - 250g,pains-et-petit-dejeuner,par Lima,"Prix au kilo : 25,4€/kgSachet écorecharge Yannoh® Instant de la marque Lima. Sachet de 250g.Ingrédients : seigle , chicorée , orge , glandsValeurs nutritionelles ajoutées très bientôt"
"5,99","4,74",Muesli au Sarrasin - 500g,pains-et-petit-dejeuner,par Grillon d'or,"Prix au kilo : 9,5€/kgChoisissez le Muesli au Sarrasin de Grillon d'Or pour démarrer la journée avec un petit déjeuner sain et équilibré ! Sachet de 500g.Ingrédients : Flocons de sarrasin 38%, sirop de riz (extraits de riz , eau), pétales de sarrasin 10% (sarrasin 98%, sel), sarrasin soufflé 10%, miel , pommes , kasha "
"2,70","2,09",Flocons de millet - 500g,pains-et-petit-dejeuner,par Priméal,"Prix au kilo : 4,18€/kgFlocons de Millet - Sachet de 500 g.Ingrédients : Grains de millet précuits à la vapeur et laminés entre deux cylindresValeurs nutritionelles ajoutées très bientôt"
"6,99","5,39",P'tit Dej Cacao - Préparation en poudre - 500g,pains-et-petit-dejeuner,par Vitabio,"Prix au kilo : 10,8€/kgSavoureux, il peut être dégusté à tout moment de la journée!Ingrédients : sucre de canne intégral, cacao maigre en poudre, crèmes de céréales complètes (blé , orge , avoine ), extrait vanille bourbonValeurs nutritionelles ajoutées très bientôt"
"3,45","2,39",Pain au sésame sans gluten - 250g,pains-et-petit-dejeuner,par Schnitzer,"Prix au kilo : 9,56€/kgUn succulent pain sans gluten au sésame. Il est légèrement croquant en bouche et a un goût prononcé de noix. Il contient du sésame complet, particulièrement bénéfique, et est riche en calcium, en magnésium et en fibres. Il ne contient pas de gluten ni de lactose.Ingrédients : Levain naturel de sa"
"2,39","1,87",Corn Flakes Glacés sans Gluten - 250g,pains-et-petit-dejeuner,par Ma Vie Sans Gluten,"Prix au kilo : 7,52€/kgCéréales Corn Flakes Glacés SANS GLUTEN pour le petit déjeuner - Origine UE - Sachet de 250 g.Ingrédients : Maïs , sucre de canne roux , sel, amidon de maïs , stabilisant (gomme arabique), émulsifiant (lécithine de tournesol) Valeurs nutritionnelles (pour 100g) : Energie (kJ/Kcal) 1574/371 ; Mati"
"7,85","6,68",Pâte à Tartiner La Chocolade sans lait - 350g,pains-et-petit-dejeuner,par Jean Hervé,"Prix au kilo : 19,1€/kg C'est une pâte sucrée au suc de canne intégral au lieu de sucre de canne roux. Cette différence avec l'absence de lait en fait un produit très différent, plus fort, plus subtil, et plus goûteux. Avec un plus d'un tiers de noisette, la Chocolade sans lait deviendra vite votre préférence du petit "
"16,99","12,52",Miel D’Acacia - 900g,pains-et-petit-dejeuner,par Bonamel,"Prix au kilo : 13,91€/kg Miel d'acacia issu de l'agriculture biologique. Contenance : 900 grIngrédients : Miel d'acacia issu de l'agriculture biologiqueValeurs nutritionelles ajoutées très bientôt"
"4,89","3,58",Pain Essene Epeautre Demeter - 500g,pains-et-petit-dejeuner,par Pural,"Prix au kilo : 7,16€/kgCe pain Essene Pural, aux graines d'épeautre germées biologique et issu de céréales cultivées en biodynamie vous plaira par son goût prononcé et sa faible teneur en sucreIngrédients : Epeautre germé**, eau, levain d'épeautre**, sel, levure*Valeurs nutritionnelles (pour 100g) : Valeur énergétique "
"3,69","2,47",Confiture Délice Pêche Bio 99% sans sucre ajouté - 290g,pains-et-petit-dejeuner,par Vitabio,"Prix au kilo : 8,51€/kgUne confiture sans sucres ajoutés. Avec 99% de fruits, dont 65% de pêches bio et du sucre naturel de fruits remplaçant le sucre ajouté habituellement, cette confiture ressemble à celle de votre grand-mère ! Idéale pour apporter toute la douceur et la gourmandise des fruits à vos tartines, crêpes,"
"9,59","6,87",Miel D’Eucalyptus - 450g,pains-et-petit-dejeuner,par Bonamel,"Prix au kilo : 15,29€/kg Miel d'eucalyptus issu de l'agriculture biologique. Contenance : 450gIngrédients : Miel d'eucalyptus issu de l'agriculture biologiqueValeurs nutritionelles ajoutées très bientôt"
"1,49","1,01",Filtres à café 100% vegetal et biodegradables n°4 - x60,pains-et-petit-dejeuner,par Ecodoo,"Prix au kilo : 0,02€/kg Du café en filtre oui, mais en filtre écolo ! Ces filtres sont issus de fibres végétales 100% biodégradables, non blanchis et sans colle car les bords sont sertis sous pressions. Ils respectent l'arôme du café et vous permettront de composter votre marc chaque matin ! Taille 4Ingrédients : 100% "
"4,90","4,36",Krounchy 3 chocolat - 500g,pains-et-petit-dejeuner,par Grillon d'or,"Prix au kilo : 8,72€/kgPour les gourmands, Grillon d'Or propose ses délicieux Krounchy 3 Chocolat. Sachet de 500g. Nouvelle recette sans huile de palme !Ingrédients : Flocons de céréales 42,8% (avoine , blé , orge ), billettes de céréales (riz , blé , avoine , sucre de canne non raffiné , sel), sucre de canne non raffi"
"4,99","4,01",Muesli sans Gluten - 500g,pains-et-petit-dejeuner,par Grillon d'or,"Prix au kilo : 8,02€/kg Choisissez le Muesli sans Gluten Grillon d'Or pour démarrer la journée avec un petit déjeuner sain et équilibré ! Sachet de 500g.Ingrédients : Flocons de riz , raisins 16,2% (raisins , huile de tournesol ), flocons de quinoa , pétales de maïs , billettes de riz (riz , sel), tournesol , figues 4,"
"7,05","5,43",Chocolat en poudre Cool Matin - 500g,pains-et-petit-dejeuner,par Vitabio,"Prix au kilo : 10,86€/kgPréparation en poudre Bio pour le petit déjeuner. Choc'O Déj, un petit déjeuner savoureux pour bien débuter la journée! Des céréales et du cacao dans un bol de lait 1/2 écrémé, pour apporter du calcium. Le calcium est nécessaire au maintien d'une ossature normale.Ingrédients : sucre de canne*, c"
"3,49","2,59",Pain Complet Riz Sans Gluten - 375g,pains-et-petit-dejeuner,par Pural,"Prix au kilo : 6,91€/kg Pain à base de riz complet, avec son germe et son péricarde. Les + produit : . Certifié bio . Sans lactose . Riche en fibres . Idéal au petit-déjeuner ou au goûterIngrédients : céréales* 60% (riz complet* fraichement concassé 39%, graines de millet* 8%, gruau de maïs complet* 8%, farine de riz c"
"3,99","2,68",Confiture Délice de Cassis Bio 99% - 290g,pains-et-petit-dejeuner,par Vitabio,"Prix au kilo : 9,24€/kgDélices de Fruits : Le goût authentique et généreux du fruit bio pour vos tartines! 290gIngrédients : cassis, concentré de raisin, gélifiant : pectine de fruitsValeurs nutritionelles ajoutées très bientôt"
"2,99","2,45",Céréales Riz Complet Soufflé - 200g,pains-et-petit-dejeuner,par Grillon d'or,"Prix au kilo : 12,25€/kgGrillon d'Or vous propose ses délicieuses céréales complètes et soufflées pour un petit déjeuner plein de vitalité ! Sachet de 200g.Ingrédients : RizValeurs nutritionnelles (pour 100g) : Energie (kJ/Kcal) 1483/358 ; Matières grasses : 2,4g ; Glucides : 74g dont Sucres : 3,3g ; Protéines : 8g ; F"
"9,19","6,80",Miel De Montagne - 450g,pains-et-petit-dejeuner,par Bonamel,"Prix au kilo : 15,11€/kg Miel de montagne issus de l'agriculture biologique. Contenance : 450gIngrédients : Miel de montagneValeurs nutritionelles ajoutées très bientôt"
"1,95","1,50",Galettes de Riz Quinoa Chocolat - 65g,pains-et-petit-dejeuner,par Priméal,"Prix au kilo : 23,23€/kgGalettes de Riz Quinoa Chocolat. Origine France - Sachet de 70 g.Ingrédients : Chocolat (45%) (cacao , sucre de canne , beurre de cacao ), riz complet , quinoa (10%), sel Valeurs nutritionnelles (pour 100g) : Energie (kJ/Kcal) 1850/443 ; Matières grasses : 20,4g ; Glucides : 60g ; Protéines : 9,"
"4,69","3,85",Krounchy Granola - 500g,pains-et-petit-dejeuner,par Grillon d'or,"Prix au kilo : 7,72€/kgPour les gourmands, Grillon d'Or propose les Krounchy Granola à la noisette ! Sachet de 500g.Ingrédients : Flocons de céréales (avoine , blé , seigle , orge ), sucre de canne non raffiné , billettes de céréales (riz , blé , avoine , sucre de canne non raffiné , sel), huile de tournesol , miel 5%,"
"2,59","1,88",Flocons d'épeautre - 500g,pains-et-petit-dejeuner,par Priméal,"Prix au kilo : 3,76€/kgFlocons d'épeautre - Origine France - Sachet de 500 g.Ingrédients : Grains d’épeautre complet précuits à la vapeur et laminés entre deux cylindres Valeurs nutritionnelles (pour 100g) : Energie (kJ/Kcal) 1371/328 ; Matières grasses : 1,9g ; Glucides : 74g ; Protéines : 12,5g ;"
"7,98","6,84",Chicorée sans sucres ajoutés sans caféine sans blé - 200g,pains-et-petit-dejeuner,par Favrichon,"Prix au kilo : 34,22€/kgBoisson instantanée à base de chicorée issue de l'agriculture biologique, idéale pour allier réveil en douceur et apports nutritionnels. Contenance : 200g. Fabriqué en FranceIngrédients : Ingrédients : Chicorée*. *Ingrédients issus de l’agriculture biologique.Valeurs nutritionnelles (pour 100g) "
"3,30","2,52",Pain complet Raisins Noisettes - 620g,pains-et-petit-dejeuner,par Pural,"Prix au kilo : 4,06€/kgCe pain complet aux raisins secs et aux noisettes bio est élaboré à partir de farine complète, de noisettes, noix de cajou et raisins. Découvrez sa saveur douce avec une pointe de cannelle, de cardamone, de fenouil et d'anis. Un régal pour vos papille me matin comme le soir. Encore meilleur si vo"
"4,19","2,97",Confiture Délice de Myrtille Bio 99% - 290g,pains-et-petit-dejeuner,par Vitabio,"Prix au kilo : 10,24€/kgDélices de Fruits : Le goût authentique et généreux du fruit bio pour vos tartines! 290gIngrédients : myrtilles, concentré de fruits (concentré de raisin , concentré de citron ), gélifiant : pectine de fruitsValeurs nutritionelles ajoutées très bientôt"
"1,49","1,03",Galettes de Maïs - 120g,pains-et-petit-dejeuner,par Priméal,"Prix au kilo : 8,67€/kgGalettes de Maïs Bio. Origine UE - Sachet de 120 g.Ingrédients : Maïs , huile de germe de maïs , sel marin Valeurs nutritionnelles (pour 100g) : Energie (kJ/Kcal) 1648/388 ; Matières grasses : 1,5g ; Glucides : 85,2g ; Protéines : 8,5g ;"
"3,19","2,30",Céréales Mops au Miel - 300g,pains-et-petit-dejeuner,par Grillon d'or,"Prix au kilo : 7,63€/kg Grillon d'Or vous propose les Mops au Miel De délicieuses petites boules de maïs soufflé, aromatisées au miel ! 300g.Ingrédients :Maïs 66,6%, sucre de canne non raffiné , sirop de blé (extraits de blé , eau), miel 4%Valeurs nutritionnelles (pour 100g) : Energie (kJ/Kcal) 1575/371 ; Matières gras"
"2,69","2,15",Muesli 4 Céréales et Fruits - 500g,pains-et-petit-dejeuner,par Grillon d'or,"Prix au kilo : 4,32€/kg Choisissez le Muesli 4 céréales Grillon d'Or : avec ses 20% de fruits et graines, démarrez la journée avec un petit déjeuner sain et équilibré ! Sachet de 500g.Ingrédients : Flocons de céréales 80% (blé , seigle , orge , avoine ), fruits secs 14% (raisins 8% [raisins , huile de tournesol ], figu"
"5,35","3,63",Cacao Maigre Sans Sucre Ajouté - 200g,pains-et-petit-dejeuner,par Abbaye de Sept Fons,"Prix au kilo : 18,2€/kgIdéal pour le petit-déjeuner ou au moment du goûter, ce Cacao pur vous apporte un moment de détente et de remise en forme!Ingrédients : 100 % poudre de cacao BIOValeurs nutritionelles ajoutées très bientôt"
"4,29","3,19",Biscottes d'Épeautre Complet 100% - 400g,pains-et-petit-dejeuner,par Moulin des Moines,"Prix au kilo : 8€/kg Biscottes d'épeautre, idéales pour bien commencer la journée. Ingrédients issus de l'agriculture biologique. Contenance : 400g.Ingrédients : Farine d'épeautre , levure de boulangerie, huile de colza , sucre de canne , sel marin, malt d'orge torréfié ,améliorant : farine de blé , acide ascorbiqueVal"
"4,19","3,34",Café Mélange Corsé Moulu - 250g,pains-et-petit-dejeuner,par Café Michel,"Prix au kilo : 13,36€/kgArabica moulu mélange de cafés pures origines - Corsé 250g.Ingredients: Café Moulu, mélange Pérou- Tanzanie, issus de l'agriculture biologiqueValeurs nutritionelles ajoutées très bientôt"
"2,90","2,28",Petits Pains Grillés Au Froment - 225g,pains-et-petit-dejeuner,par Le Moulin du Pivert,"Prix au kilo : 10,18€/kg Petits pains grillés au Froment 225G Bio. Sans huile de palme. Ingrédients : Farine de froment* 89%, huile de colza*, sucre*, levure, sel. *Ingrédients issus de l'Agriculture Biologique. Valeurs nutritionnelles (pour 100g) : Energie (kJ/Kcal) 460/108 ; Matières grasses : 7,2g dont acides gras s"
"2,50","1,64",6 Tortilla Wraps au blé complet - 240g,pains-et-petit-dejeuner,par Acapulco,"Prix au kilo : 6,83€/kgLe Mexique arrive dans vos assiettes avec cortillas à la farine de blé. Arrosez-les d'un peu d'eau, réchauffez-les rapidement à la poêle ou au four, farcissez de viande, poisson, légumes, sauce et dégustez. A conserver à temperature ambiante. Après ouverture, à consommer immédiatement ou les cons"
"4,59","3,70",Muesli croustillant chocolat châtaigne sans gluten et huile de palme - 375g,pains-et-petit-dejeuner,par Favrichon,"Prix au kilo : 9,85€/kgDécouvrez l'alliance originale de riz soufflé à la châtaigne et de pépites de chocolat fondant avec ce délicieux muesli Favrichon !Ingrédients : Riz* complet 57,4%, châtaigne* 9,8 % [farine de châtaigne* 7,3%, crème de châtaigne* (châtaigne* 2,5%, sucre de canne*, extrait de vanille*)], sucre de "
"5,45","4,80",Céréales Ka'ré fourrées Chocolat Noisette - 500g,pains-et-petit-dejeuner,par Grillon d'or,"Prix au kilo : 9,62€/kgGrillon d'Or vous propose les Ka'ré fourrés Chocolat noisette : un coeur fondant chocolat noisette dans un biscuit chocolaté aux 3 céréales pour un petit déjeuner Ka'ré ment Chocolat ! Sachet 500g.Ingrédients : Céréales 53,3% (maïs , blé complet , avoine complète ), fourrage cacao noisettes 35% ("
"3,69","2,50",Confiture Délice de Fraise 99% - 290g,pains-et-petit-dejeuner,par Vitabio,"Prix au kilo : 8,62€/kgDélices de Fruits : Le goût authentique et généreux du fruit bio pour vos tartines! 290gIngrédients : fraises, concentré de fruits (concentré de raisin , concentré de citron ), gélifiant : pectine de fruits, acidifiant: citrate de calciumValeurs nutritionelles ajoutées très bientôt"
"5,49","3,98",Café Moulu Origine Guatemala - 250g,pains-et-petit-dejeuner,par Café Michel,"Prix au kilo : 15,92€/kgCafé du Guatemala Arabica moulu pure origine - Terroir d'Alta Verapaz 250g. Ingrédients: Café Moulu de Guatémala ajoutées très bientôt"
"3,39","2,45",Infusion Bonheur - 17 infusettes,pains-et-petit-dejeuner,par Yogi Tea,"Prix unitaire : 0,14€/infusetteInfusion associant un mélange d'herbes et d'épices, à base de cannelle, de gingembre et d'anis. Boîte de 17 infusettes.Composition : Cannelle, gingembre, fenouil, anis, réglisse, cardamome, houblon, zeste d'orange, basilic, extrait d'orange*, poivre noir, lavande, fenugrec, millefeuille, "
"4,39","3,67",Krounchy Epeautre et Chocolat Noir - 500g,pains-et-petit-dejeuner,par Grillon d'or,"Prix au kilo : 7,36€/kgPour les gourmands, Grillon d'Or propose les Krounchy épeautre &amp; chocolat noir ! Sachet de 500g.Ingrédients : Flocons de céréales (épeautre 31%, avoine ), sucre de canne blond , pépites de chocolat 12% (masse de cacao , sucre de canne blond , beurre de cacao lécithine de tournesol, extrait de"
"6,95","5,34",Pâte à Tartiner La Chocolade - 350g,pains-et-petit-dejeuner,par Jean Hervé,"Prix au kilo : 15,26€/kg Pâte à tartiner La Chocolade 350G Bio. La pâte à tartiner « La chocolade » est le résultat d’une association entre la noisette et le cacao. Nous utilisons du cacao non dégraissé, plus fort en arôme, et moins texturé que le dégraissé, lui gardant ainsi ses qualités nutritionnelles. La société Je"
"4,49","3,52",Tartines Craquantes Au Sarrasin - 300g,pains-et-petit-dejeuner,par Le pain des fleurs,"Prix au kilo : 11,73€/kgTartines craquantes sans gluten au sarrasin 100% bio. Sources de fibres et riches en minéraux. 300 g. Prix LPPR = 1,44 €Ingrédients : farine de sarrasin*, sucre de canne complet* &lt;2%, sel.Valeurs nutritionnelles (pour 100g) : Energie (kJ/Kcal) 1569/375 ; Matières grasses : 3g dont acides gras"
"3,99","3,03",Café Mélange Doux Moulu - 250g,pains-et-petit-dejeuner,par Café Michel,"Prix au kilo : 12,16€/kgArabica moulu mélange de cafés pures origines - Doux 250g.Ingredients: Café Moulu 100% arabica, issu du commerce équitable et certifié SPP (Symbole des petits producteurs)Valeurs nutritionelles ajoutées très bientôt"
"2,99","2,15",Tartines Craquantes Multicéréales - 150g,pains-et-petit-dejeuner,par Le pain des fleurs,"Prix au kilo : 14,33€/kgTartines aux 3 céréales : riz, sarrasin et millet. Saveur légère qui s’adapte à chaque instant de consommation. Texture fine et croustillante, légèrement toastée. Sans gluten. 2 sachets fraîcheur de 75g.Ingrédients :Farine de riz demi-complète (59,5%), farine de sarrasin (25%), farine de millet "
"3,69","2,75",Tartines Craquantes À La Châtaigne - 150g,pains-et-petit-dejeuner,par Le pain des fleurs,"Prix au kilo : 18,33€/kgTartines craquantes sans gluten à la châtaigne, un fruit oublié à réhabiliter d'urgence pour la préservation des territoires. 150 g. Ingrédients : farine de riz*, farine de châtaigne (30%), selValeurs nutritionnelles (pour 100g) : Energie (kJ/Kcal) 1586/374 ; Matières grasses : 1,6g dont acides "
"13,99","11,15","Lessive Liquide Couleurs - 1,5L",entretien-et-linge,par Ecover,"Prix au litre : 7,43€/LLa lessive liquide couleur lave efficacement votre linge en conservant sa couleur. Elle est puissante contre les tâches et reste douce avec la peau ! Ingrédients d'origine végétale et minérale. Contenance : 0,85L (environ 17 lavages)Composition : 15-30%: Non-ionic surfactants. 5-15%: Soap. &lt;5%"
"9,49","6,32",Lessive Liquide Couleurs - 850ml,entretien-et-linge,par Ecover,"Prix au litre : 7,45€/LLa lessive liquide couleur lave efficacement votre linge en conservant sa couleur. Elle est puissante contre les tâches et reste douce avec la peau ! Ingrédients d'origine végétale et minérale. Contenance : 0,85L (environ 17 lavages)Composition : 15-30%: Non-ionic surfactants. 5-15%: Soap. &lt;5%"
"12,99","10,58",Copeaux de savon de Marseille - 1kg,entretien-et-linge,par Ecodoo,"Prix au kilo : 10,58€/kg Pour faire votre propre lessive écologique, naturelle ET économique, découvrez les copeaux de Savon de Marseille d'Ecodoo sans parfum ni colorants. Ajoutés à quelques ingrédients comme le bicarbonate de soude, quelques cristaux de soude si votre eau est dure ainsi que de l'huile essentielle pou"
"10,29","7,39",Lessive en Poudre Universelle - 1.2kg,entretien-et-linge,par Ecover,"Cette lessive s'utilise sur tout type de linge, blanc comme de couleur. Avec son délicat parfum de lavande, vos vêtements sentiront l'été toute l'année. Très efficace, même à 30°C!"
"6,09","4,28",Crème à la cire d'abeille bio - 250ml,entretien-et-linge,par Ecodoo,"Grâce aux bienfaits combinés de la cire d’abeille bio, l'huile de lin et l'huile de Bois de Chine, la crème à la cire d'abeille est l'alliée parfaite pour conserver la jeunesse et la beauté de vos meubles et cuirs."
"6,99","4,75",Savon Noir en pâte à l'huile de Lin - 1kg,entretien-et-linge,par La Corvette,"Prix au kilo : 4,75€/kg Vous l'attendiez tous, voici le savon noir en pâte à l'huile de lin de La Corvette ! Il est fabriqué à l'ancienne, cuit en chaudrons. Il est parfait pour dégraisser les sols et autres surfaces et il permet même de décaper la peinture à l'huile et les tâches de goudrons. Le label Ecocert Ecodéter"
"5,99","4,12",Savon liquide carrelage et sols - 1L,entretien-et-linge,par Ecover,"Prix au litre : 4,13€/L1L - Laissez vos sols propres tout en respectant l'environnement.ingrédients: Huile de lin, Parfum, Limonène, Nitrométhylidynetriméthanol, 2-bromo-2-nitropropane-1,3-diol, Citral , Géraniol"
"6,39","4,64",Spray Dégraissant écologique - 500mL,entretien-et-linge,par Ecodoo,"Ce dégraissant à four écologique va vous permettre de dissoudre rapidement les graisses, suies, goudrons des fours et inserts. Contrairement aux produits chimiques classiques, il ne contient ni ammoniaque, ni soude caustique, ni acides forts."
"4,49","3,18",Détachant Bio - 200mL,entretien-et-linge,par Ecover,"Petit mais costaud, le détachant bio Ecover ! Avec ses enzymes anti-saleté, il est parfait pour lutter contre les taches à base de protéines sur vos vêtements."
"5,99","4,44",Lessive Laine et Linge Délicat Lavande - 1L,entretien-et-linge,par Ecover,"Prix au litre : 4,44€/LPrend soin tout en douceur de votre linge délicat. Senteurs de champs de lavande de la Provence.Ingrédients: Aqua, Alcohol denat.,C12-14 PARETH-12, Sodium lauryl sulfate, Sodium citrate,Potassium oleate, Sodium chloride, Lauryl glucoside, Parfum, Limonene, Citric acid, Linalool."
"17,15","13,30",Liquide Vaisselle Citron Aloe Véra - 5L,entretien-et-linge,par Ecover,"Prix au litre : 2,8€/L5L - Au citron et à l'aloé véraingrédients : Eau, Laurylsulfate de sodium, Alkyl polyglycoside C10-16, Chlorure de sodium, Acide citrique, Parfum, Limonène, Hydrolysat de protéines, Extrait d'Aloe barbadensis, Citral, 2-bromo-2-nitropropane-1,3-diol.Valeur pH: 4,5"
"4,39","2,88",Terre de Sommières - 350g,entretien-et-linge,par Ecodoo,"La Terre de Sommières, c'est le remède de grand-mère que peu de gens connaissent mais qui peut vous sauver un canapé ou un costume. Très facile à utiliser, totalement écologique et surtout très respectueuse des surfaces fragiles."
"4,69","3,42",Détachant et blanchissant naturel au percarbonate - 350g,entretien-et-linge,par Ecodoo,"Appelé aussi ""l'eau oxygénée solide"", c'est la solution naturelle et efficace contre les taches organiques telles que le thé, le café, le vin rouge, la sauce tomate, le sang... Indispensable !"
"2,99","2,21",Crème à récurer naturelle - 500mL,entretien-et-linge,par Ecover,"Avec la crème à récurer Ecover, vous pourrez facilement dégraisser et éliminer les taches les plus tenaces sans faire de rayure et sans agresser les surfaces."
"3,39","2,59",Liquide de Rinçage - 500mL,entretien-et-linge,par Ecodoo,"Préservant l'éclat de votre vaisselle sans détériorer votre lave-vaisselle et avec sa formule écologique et respectueuse de l'environnement, le liquide de rinçage Ecodoo est idéal pour un rinçage plus rapide, efficace et sans trace après le séchage."
"5,79","4,45",Sel régénérant pour lave-vaisselle - 2.5kg,entretien-et-linge,par Ecodoo,"Prix au kilo : 1,78€/kg Ce sel pour lave-vaisselle élimine toute traces de calcaire sur votre vaisselle. Aucun colorant ni chlore. En gros blocs faciles d'utilisation, il vous suffit de remplir selon la capacité de votre lave-vaisselle pour ensuite surveiller régulièrement le niveau de sel. Si les traces blanches persi"
"3,99","2,62",Blanchissant oxygéné - 400g,entretien-et-linge,par Ecover,"Avec le blanchissant oxygéné Ecover, vous viendrez à bout des taches les plus tenaces (thé, café, vin rouge, sauce tomate, sang...) sur vos beaux vêtements blancs."
"9,49","6,38",Savon de Marseille en Copeaux Extra Pur Ecocert - 750ml,entretien-et-linge,par La Corvette,"Prix au litre : 8,51€/LCopeaux de Savon de Marseille : Grâce à leur formulation hypoallergénique, ils sont particulièrement recommandés pour le linge des bébés. Pour le lavage à la main et à la machine, c’est une alternative naturelle et efficace à tous les détergents de synthèse!Ingrédients: Sodium Palmate, Aqua (Wate"
"4,99","4,20",Bicarbonate de soude - 1kg,entretien-et-linge,par Ecodoo,"Prix au kilo : 4,2€/kgLes bienfaits et capacités du bicarbonate de soude sont multiples. Il est indispensable dans toute maison car vous pouvez l'utiliser pour des dizaines de raisons différentes. Le bicarbonate de soude Ecodoo est du bicarbonate ménager donc ne doit pas être confondu avec le bicarbonate alimentaire (m"
"5,99","3,99",Spray Anticalcaire - 500mL,entretien-et-linge,par Ecodoo,"Que ce soit dans la cuisine ou la salle de bain, ce spray vous facilitera la vie et viendra à bout de tous les dépôts calcaire. Grâce à son effet gel, il ne coule pas, ce qui rend son utilisation plus facile, pratique et efficace."
"4,19","2,99",Spray Vitres et Surfaces Vitrées - 500mL,entretien-et-linge,par Ecover,"Prix au litre : 6€/LUn spray efficace sur toutes les surfaces vitrées! Et oui, ce spray est efficace et écologique!Composition : &gt;30 %: eau, 5-15 %: alcool, &lt;5 %: agents de surface non ioniques, citrate, parfum (type: agrumes; contient: Limonene)"
"3,49","2,63",Acide Citrique - 350g,entretien-et-linge,par Ecodoo,"L'acide citrique est l'allié indispensable contre la rouille et le tartre. Si vous voulez récupérer vos robinets, vos appareils ménagers, votre bouilloire et vos chromes, rien de mieux que de l'utiliser sans modération"
"3,69","2,63",Assouplissant écologique Lavande - 750mL,entretien-et-linge,par Ecodoo,"Une bonne odeur de lavande et une formule très concentrée et économique (1 bouchon pour 5 kg de linge), l'assouplissant Ecodoo va donner un coup de frais à votre linge."
"4,99","3,49",Adoucissant senteur Fleur de Pommier & Amande - 1L,entretien-et-linge,par Ecover,"Prix au litre : 3,49€/LAdoucissant senteur Fleur de Pommier &amp; Amande, formule à base d’ingrédients d’origine végétale et minérale. Facilite le repassage tout en protégeant les fibres végétales et synthétiques. Parfum frais d’origine végétale, impact minimal sur la vie aquatique. Bidon de 1LComposition : &lt;5%: Cat"
"7,49","5,24",Lessive liquide écologique à la pêche - 1.5L,entretien-et-linge,par Ecodoo,"Avec son délicieux parfum de pêche, cette lessive concentrée écologique vous permettra de faire vos lessives à la main ou en machine et pour tout textile. Sans parfum de synthèse ou colorant, elle est efficace de 40°C à 90°C."
"7,49","5,39",Lessive Hypoallergénique Concentrée - 1.5L,entretien-et-linge,par Ecodoo,"Sans parfum, sans allergène et sans huile essentielle, cette lessive concentrée écologique vous permettra de faire vos lessives à la main ou en machine et pour tout textile. Elle est efficace de 40°C à 90°C."
"3,89","2,67",Bicarbonate de soude - 500g,entretien-et-linge,par Ecodoo,Les bienfaits et capacités du bicarbonate de soude sont multiples. Il est indispensable dans toute maison car vous pouvez l'utiliser pour des dizaines de raisons différentes.
"7,99","5,24",Lessive Concentrée Lavande - 1.5L,entretien-et-linge,par Ecodoo,"Avec son doux parfum de lavande, cette lessive concentrée écologique vous permettra de faire vos lessives à la main ou en machine et pour tout textile. Sans parfum de synthèse ou colorant, elle est efficace de 40°C à 90°C."
"6,19","4,49",Savon Noir écologique - 1L,entretien-et-linge,par Ecodoo,"Le savon noir écologique à l'huile d'olive, c'est le remède de grand-mère par excellence pour tout laver, nettoyer et protéger."
"2,49","2,05",Essuie-tout compact recyclé -x2,entretien-et-linge,par Ecodoo,"Prix au kilo : 1,02€/kgEn utilisant cet essuie-tout compact recyclé vous faites un geste pour la planète. 100% papier recyclé, non blanchi il est absorbant et résistant. Avec, vous économisez plus de 50% de papier ! Il est à peine plus volumineux qu'un rouleau classique mais a une capacité deux fois supérieure. Cet ess"
"2,75","2,00",Cristaux de soude - 500g,entretien-et-linge,par Ecodoo,"Vous voulez un produit nettoyant écologique, naturel et efficace, multi-usage et pas cher ? Pas la peine d'aller plus loin, les cristaux de soude sont fait pour vous !"
"5,99","4,55",Tablettes Lave Vaisselle Ecocert - 25tabs,entretien-et-linge,par Ecover,"Prix unitaire : 0,18€/unité25 Pastilles - Nouvelle Formuleingrédients:5 - 15% : Agent de blanchiment oxygéné:&lt; 5% : Agents tensioactifs non-ioniques à base de matières premières végétales.&lt; 5% : Enzymes (garanties non génétiquement modifiées)Autres ingrédients : sels, silicate, citrate, polypeptides, activateur d"
"3,29","2,47",Gel naturel Nettoyant WC Senteur Pin - 750mL,entretien-et-linge,par Ecover,"Avec ce gel nettoyant WC, un vent frais de pin de Sibérie parfumera durablement vos toilettes. Grâce à son action 3 en 1, il nettoie, détartre et rafraîchit vos toilettes et permet d'éliminer les traces de calcaire et les taches tenaces."
"2,19","1,59",Vinaigre d'alcool blanc - 1L,entretien-et-linge,par Ecodoo,"Pas cher, écolo et naturel, le vinaigre blanc est un des produits indispensables à l'entretien de la maison. Il permet de nettoyer pratiquement toutes les surfaces, de la moquette au pommeau de douche."
"3,39","2,71",Nettoyant Multi-Usages au Citron Ecocert - 1L,entretien-et-linge,par Ecover,"Prix au litre : 2,72€/LNettoyant multi-usages. 1 litre - Parfum Citroningrédients:&lt; 5%: agents tensio -actifs anioniques et nonioniques d'origine végétale, savon végétal.Autres ingrédients: eau, parfum végétal(citron), éthanol végétal et agent conservateur100% biodégradable."
"3,79","2,79",Liquide Vaisselle Citron Aloe Véra - 1L,entretien-et-linge,par Ecover,"Prix au litre : 2,8€/L1L - Au citron et à l'aloé véraingrédients : Eau, Laurylsulfate de sodium, Alkyl polyglycoside C10-16, Chlorure de sodium, Acide citrique, Parfum, Limonène, Hydrolysat de protéines, Extrait d'Aloe barbadensis, Citral, 2-bromo-2-nitropropane-1,3-diol.Valeur pH: 4,5"
"2,39","1,35",Eponges végétales écologiques - x2,entretien-et-linge,par Ecodoo,"Deux éponges faites à base de matière cellulosique végétale et dans un emballage entièrement biodégradable, elles vous permettront d'avoir un plan de travail et une vaisselle toujours propres."
"3,99","2,87",Papier Toilette compact recyclé - x4,entretien-et-linge,par Ecodoo,"Pratiques, pas chers et écologiques, ces 4 rouleaux Ecodoo,équivalent à 12 rouleaux classiques ! Et en plus, vous préservez la planète en réduisant la production globale de déchets puisque ce papier toilette est à 100% issu de matières recyclables."
"0,56","0,42",200g de flocons d'avoine,vrac,par Markal,"Prix au kilo : 2,1€/kg Petits flocons d'avoine petits issus de l'agriculture bio. Idéal au petit déjeuner ou dans des plats sucrés ou salés.Ingrédients : AvoineValeurs nutritionnelles (pour 200g) : Valeur énergétique : 1533 kJ soit 364kcal ; Matières grasses : 6,9g dont acides gras saturés : 0,6g ; Glucides : 56g dont "
"0,60","0,46",200g de flocons 5 céréales,vrac,par Markal,"Prix au kilo : 2,3€/kg Les flocons 5 céréales se consomment tel quel au petit déjeuner en les saupoudrant dans vos céréales, dans le lait ou un yaourt. Ils permettent également la confection de plats salés ou sucrés (terrines végétales, galettes végétales, pains, purées, porridges, gâteaux…)Ingrédients : Avoine*, blé*,"
"0,90","0,70",200g de sucre roux complet,vrac,par Priméal,"Prix au kilo : 3,54€/kg Vous allez adorer ce sucre roux du Brésil. Le non-raffinage de ce sucre permet de préserver sa richesse naturelle en sels minéraux. Petit conseil d'ami : il sera parfait pour sucrer les pâtisseries, desserts et laitages de toute la famille ! Ingrédients : Jus de canne à sucre cristallisé* * Ingr"
"3,98","3,08",200g de mélange étudiant,vrac,par Les Accents du Soleil,"Prix au kilo : 15,4€/kg Un mélange de fruits secs et fruits séchés délicieux qui vous apportera tonus et bienfaits nutritionnels. Ingrédients : Raisins Sultanines de Turquie, Noix de cajou du Vietnam, Amandes décortiquées d'Espagne, Noix d’Amazonie d'Amérique du sud, Noisettes décortiquées d'Italie, Amandes mondées d'I"
"3,78","2,16",200g de pruneaux,vrac,par Les Accents du Soleil,"Prix au kilo : 10,8€/kg Des pruneaux de la région d'Agen dans le Lot et Garonne certifiés bio. À consommer nature en cas de petite faim ou à utiliser dans vos recettes de tajines, sauces, gâteaux. Origine: FranceIngrédients : Pruneaux du Lot-et-GaronneValeurs nutritionnelles (pour 200g) : Valeurs nutritionnelles (pour "
"9,20","6,00",200g de mélange de noix,vrac,par Les Accents du Soleil,"Prix au kilo : 30€/kg Un mélange de noix à base d'amandes mondées, de noisettes, de noix du Brésil ainsi que de beaux cerneaux de noix français. De l'Energie et des saveurs. Avec un apport en protéines important ainsi qu'un mélange des meilleures fruits secs, vous allez en raffoler. A consommer comme en-cas ou à l'apér"
"12,00","9,40",200g de Noix de Macadamia en vrac,vrac,par Les Accents du Soleil,"Prix au kilo : 47€/kgLe macadamia fut découvert dans les années 1850 dans la forêt primaire tropicale australienne par 2 explorateurs qui lui donnèrent à l'arbre à noix le nom d'un de leur amis : Lord Macadam. Ces noix en vrac, originaires du Kenya, seront idéales en apéritif, au petit déjeuner dans vos bowls ou dans v"
"5,40","3,62",200g de Cranberries infusées au jus de pomme en vrac,vrac,par Les Accents du Soleil,"Prix au kilo : 18,1€/kgCes cranberries proviennent du Canada. Contrairement à la majorité de ces petites baies cultivées via un procédé industriel néfaste, la culture biologique garantit un respect des petits arbustes qui nous donnent cette délicisieuse baie. La canneberge contient de nombreux nutriments, des atouts an"
"5,00","3,42",200g d'Amandes grillées et salées en vrac,vrac,par Les Accents du Soleil,"Prix au kilo : 17,1€/kgDes amandes d'Extremadure, en Espagne. Une région qui a un savoir faire ancestral sur cette culture et permet de récolter des amandes d'exceptions. Grillées et salées juste ce qu'il faut pour un apéritif sain et gourmand.Ingrédients : 100% Amande BiologiqueValeurs nutritionnelles (pour 200g) : Va"
"5,20","2,86",200g de Noisettes décortiquées en vrac,vrac,par Les Accents du Soleil,"Prix au kilo : 14,3€/kg Nos noisettes, d'une région de cultivation traditionelle en Turquie sont récoltées à la main une fois arrivées à maturité. La noisette seche alors sur les lieux de production et décrotiquée grâce à un procédé mécanique : un moulin ! A déguster nature ou toastées dans des salades ou vos desserts "
"0,56","0,46",200g de Coquillettes complètes en vrac,vrac,par Priméal,"Prix au kilo : 2,3€/kg Coquillettes complètes - Origine FranceIngrédients : Semoule de blé dur complète Valeurs nutritionnelles (pour 200g) : Energie (kJ/Kcal) 1369/323 ; Matières grasses : 1,8g ; Glucides : 65,4g ; Protéines : 11g ;"
"0,60","0,50",200g de Coquillettes blanches en vrac,vrac,par Priméal,"Prix au kilo : 2,5€/kg Coquillettes Blanches Natures - Origine FranceIngrédients : Semoule de blé dur blanche Valeurs nutritionnelles (pour 200g) : Energie (kJ/Kcal) 1450/342 ; Matières grasses : 1,4g ; Glucides : 71,1g ; Protéines : 10,9g ;"
"1,60","0,80",200g de raisins blond sultanines en vrac,vrac,par Les Accents du Soleil,"Prix au kilo : 4€/kgLe climat ensoleillé de l’Ouzbekistan favorise la saveur des raisins blond sultanines. Ces raisins sont récoltés à la main, puis séchés au soleil, sans procédé industriel. A déguster à l'apéritif, à cusiner avec vos gâteaux et desserts ou à soupoudrer sur vos salades pour y ajouter une subtile note "
"7,40","6,06",200g de Noix du Brésil en vrac,vrac,par Les Accents du Soleil,"Prix au kilo : 30,3€/kgLa Noix du Brésil vient originairement d’Amazonie où elle y poussaient naturellement. Elle a d'abord été découverte par les nombreuses tribus amazoniennes qui appréciait ses qualités nutritives. Aujourd'hui la noix d'Amazonie est plebiscitée, 500 ans plus atrd, pour ces mêmes qualités qui en font"
"1,10","0,92",200g de Lentilles vertes en vrac,vrac,par Priméal,"Prix au kilo : 4,60€/kg Lentilles vertes issues de l'agriculture biologique. Idéales en accompagnement, soupes ou salades Ingrédients : Lentilles vertesValeurs nutritionnelles (pour 200g) : Energie (kJ/Kcal) 950/220 ; Matières grasses : 1,7g dont acides gras saturés : 0,2g ; Glucides : 28,5g dont Sucres : 1g ; Protéine"
"1,00","0,76",200g de Pois chiches en vrac,vrac,par Priméal,"Prix au kilo : 3,80€/kgPois chiches issus de l'agriculture biologique (Label AB). Idéal en accompagnement, purée ou saladeIngrédients : Pois chichesValeurs nutritionnelles (pour 200g) : Energie (kJ/Kcal) 1412/336 ; Matières grasses : 5,9g dont acides gras saturés : 0,5g ; Glucides : 44,3g dont Sucres : 2,4g ; Protéines"
"1,02","0,80",200g de Lentilles corail en vrac,vrac,par Priméal,"Prix au kilo : 4€/kgLentilles rouges Corail issues de l'agriculture biologique. Idéales en accompagnement, purée ou soupe.Ingrédients : Lentilles rougesValeurs nutritionnelles (pour 200g) : Energie (kJ/Kcal) 1350/320 ; Matières grasses : 1,8g dont acides gras saturés : tracesg ; Glucides : 45g dont Sucres : 3g ; Protéi"
"1,50","1,10",200g de Trio de riz complet de Camargue en vrac,vrac,par Priméal,"Prix au kilo : 5,50€/kg Trio de riz de Camargue - Origine CamargueIngrédients : Riz longs complets (brun, rouge, noir)Valeurs nutritionelles ajoutées très bientôt"
"1,82","1,50",200g de mélange riz-trio de quinoa en vrac,vrac,par Priméal,"Prix au kilo : 7,50€/kg Quinori, mélange de quinoa et de riz - Origine UEIngrédients : Quinoa et riz Valeurs nutritionelles ajoutées très bientôt"
"6,40","5,20",200g de Noix de cajou grillée et salées en vrac,vrac,par Les Accents du Soleil,"Prix au kilo : 26€/kgCes noix de Cajou biologiques proviennent d'un producteur vietnamien respectant la cultivation traditionnelle de la noix. Une fois le fruit mur, il est seché au soleil pendant 2 jours, afin d’adoucir la coque avant de la casser et de recueillir la noix de cajou. Une fois séchées, le procédé traditi"
"1,10","0,70",200g de Riz long complet de Camargue en vrac,vrac,par Priméal,"Prix au kilo : 3,50€/kg Riz Long Complet - Origine CamargueIngrédients : Riz long complet Valeurs nutritionelles ajoutées très bientôt"
"2,40","1,80",200g de Trio de Quinoa Blanc Rouge Et Noir en vrac,vrac,par Priméal,"Prix au kilo : 9,00€/kg Trio de quinoa - Origine BolivieIngrédients : Quinoa rouge, quinoa blanc, quinoa noir Valeurs nutritionelles ajoutées très bientôt"
"4,40","2,26",200g de Graines de chia en vrac,vrac,par Les Accents du Soleil,"Prix affiché pour 200g en vrac. Prix au kilo : 11,3€/kg Pourquoi on aime les graines de chia en vrac Avec son apport nutritionnel très intéressant en fibres alimentaire et protéines (voir les valeurs nutritionnelles), les graines de chia bio en vrac font partie de ces super aliments à adopter ! Pour agrémenter céréales"
"3,58","2,50",200g de Graines de Courges en vrac,vrac,par Les Accents du Soleil,"Prix affiché pour 200g en vrac. Prix au kilo : 12,5€/kg Pourquoi on aime les graines de courge en vrac Graines de courge bio en vrac à déguster natures ou grillées en apéritif ou encore pour apporter une touche croquante à vos salades, mueslis, fromages blancs, pains maison ou soupes !Ingrédients : graines de courges d"
"7,00","5,42",200g de cerneaux de Noix en vrac,vrac,par Les Accents du Soleil,"Prix affiché pour 200g en vrac. Prix au kilo : 27,1€/kg Pourquoi on aime les cerneaux de noix en vrac A l’apéritif, en salade ou en dessert, les noix donnent du goût et du peps ! Ingrédients : noix du Sud Ouest issues de l'Agriculture Biologique"
"5,40","4,12",200g de Noix de cajou en vrac,vrac,par Les Accents du Soleil,"Prix affiché pour 200g en vrac. Prix au kilo : 20,6€/kg Pourquoi on aime les noix de cajou en vrac Les noix de Cajou sont les noix qui contiennent le moins de lipides !Riches en cuivre, manganèse, phosphore, vitamine K, fibres, acides gras mono-insaturés, les noix de Cajou sont idéales pour lutter contre les migraines,"
"5,00","3,50",200g de Mangues séchées en vrac,vrac,par Les Accents du Soleil,"Prix affiché pour 200g en vrac. Prix au kilo : 17,5€/kg Pourquoi on aime les mangues séchées en vrac La mangue peut fournir la totalité de l'apport journalier recommandé en β-carotène, en fibres et en vitamine A et C, ce qui lui confère la palme de la protection contre l'action des radicaux libres. Ingrédients : mangue"
"0,92","0,62",200g de Graines de tournesol en vrac,vrac,par Les Accents du Soleil,"Prix affiché pour 200g en vrac. Prix au kilo : 3,1€/kg Pourquoi on aime les graines de tournesol en vrac Riches en en fer et en fibres, elles sont aussi source d’acide gras essentiel et de phytostérols, qui aident à éliminer le mauvais cholestérol. Les graines de tournesol sont une des meilleures sources de vitamine E "
"7,20","4,88",200g de baies de Goji en vrac,vrac,par Les Accents du Soleil,"Prix affiché pour 200g en vrac. Prix au kilo : 24,4€/kg Pourquoi on aime les baies de Goji en vrac Un concentré de nutriments et de vitamines, ces baies vous apporteront toute l'énergie dont vous avez besoin pour affronter la journée ! Ingrédients : baies de Goji du Qinghai issues de l'Agriculture Biologique"
"5,98","3,24",200g d'amandes mondées en vrac,vrac,par Les Accents du Soleil,"Prix affiché pour 200g en vrac. Prix au kilo : 16,2€/kg Pourquoi on aime les amandes mondées en vrac Les mêmes que les amandes en vrac mais sans la robe. Très prisées des sportifs, l'amande est une véritable source d'énergie ! Vous pourrez aussi l'utiliser pour vos desserts. Riches en acides gras mono-insaturés, les am"
"3,98","2,56",200g d'amandes décortiquées en vrac,vrac,par Les Accents du Soleil,"Prix affiché pour 200g en vrac. Prix au kilo : 12,8€/kg Pourquoi on aime les amandes en vrac Si vous êtes un sportif ou adepte de l'apéro, dans tous les cas, l'amande en vrac est faite pour vous ! Riches en acides gras mono-insaturés, les amandes contribuent à augmenter le taux de bon cholestérol et font baisser le mau"
"3,80","1,96",200g de Tomates séchées en vrac,vrac,par Les Accents du Soleil,"Prix affiché pour 200g en vrac. Prix au kilo : 9,8€/kg Pourquoi on aime les tomates séchées en vrac Séchées lentement et naturellement au soleil, ces tomates bio ont ainsi conservé leur délicieux goût !Faites les tremper dans de l'eau ou encore mieux de l'huile d'olive avant utilisation, ça leur redonnera un peu de moe"
"2,75","2,01",Pesto à la Roquette - 130g,epicerie-salee,par LaSelva,"Prix au kilo : 15,46€/kgCe pesto à la roquette et aux pignons de pin vous régalera avec son goût intense et fort ! Se déguste avec des pâtes, une viande ou sur une bruschetta à l'apéritif.Ingrédients : Roquette*54%, huile de tournesol*, flocons de pomme de terre*, huile d’olive vierge extra*, pignons de pins*, sel mari"
"2,99","2,06",Caviar d'artichauts - 140g,epicerie-salee,par Biorganica Nuova,"Prix au kilo : 14,79€/kg C'est parti pour l''apéro ou les recettes vegan ! Que ce soit pendant l'apéritif dînatoire, d'un brunch ou d'un repas sur le pouce, savourez le caviar d'artichauts aux ingrédients issus de l'agriculture biologique. Bocal en verre de 140g. Spécialiste dans la production de conserves bio de haute"
"2,40","1,36",200g d'abricots secs en vrac,vrac,par Les Accents du Soleil,"Prix au kilo : 6,8€/kg Quantité : 200gCes abricots bruns bio sont séchés au soleil dans la région de Malayta en Turquie, connue pour son savoir faire ancestral. Sans ajout artificiel, ils sont donc bruns. À consommer nature ou à mélanger dans vos recettes.Ingrédients : Abricots secsValeurs nutritionnelles (pour 100g) :"
"2,89","2,09",Petits Pois Extra-Fins préparés - 345g,epicerie-salee,par ProSain,"Prix au kilo : 6,06€/kgPetits pois extra-fins préparés finement cuisinés aux aromates et aux petits légumes. Teneur réduite en sodium. Ingrédients issus de l'agriculture biologique. Contenance : 350gIngrédients : petits pois extra-fins, eau, sucre de canne non raffiné, garniture : oignon , carotte , sel de mer, échalot"
"3,19","2,38",Rillettes de sardines pêche durable aux algues Bio - 120g,epicerie-salee,par Le phare d'Eckmuhl,"Prix au kilo : 19,83€/kgPour vous apporter le bon goût de la Bretagne voici nos généreuses sardines apprétées en rillettes : avec l'ajout d'une touche de spaghettis de mer et de fibre de chanvre bio , elle seront parfaites sur une tranche de pain grillé.Ingrédients : Filets de sardines MSC 60%, eau, crème*, huile de to"
"2,59","1,87",Pois Chiches au Naturel - 345g,epicerie-salee,par ProSain,"Prix au kilo : 5,42€/kgPois chiches issus de l'agriculture biologique. A déguster froid en entrée ou chaud en accompagnement de semoule, de viande ou poisson. Contenance : 345gIngrédients : Pois chiches réhydratés, eau, sel de mer.Valeurs nutritionnelles (pour 100g) : Energie (kJ/Kcal) 568/134 ; Matières grasses : 2,4g"
"3,49","2,62",Moutarde Forte De Dijon - 350g,epicerie-salee,par Emile Noel,"Prix au kilo : 7,49€/kgLa Moutarde forte de Dijon accompagne tous vos plats quotidiens. Pot de 350g.Composition : Eau, grains de moutarde, vinaigre d'alcool, sel de mer non raffinéValeurs nutritionelles ajoutées très bientôt"
"19,99","16,22",Purée D'Amande Blanche - 700g,epicerie-salee,par Jean Hervé,"Prix au kilo : 23,17€/kg Pourquoi on aime Jean Hervé ? Pionnier de la bio depuis 1976, Jean Hervé a 2 forces : une sélection rigoureuse des fruits secs via une vraie logique de filières ainsi qu'un processus de fabrication traditionnel pour conserver le goût ainsi que l'équilibre entre le respect des qualités nutrition"
"3,29","2,53",Pesto Rosso - 90g,epicerie-salee,par Emile Noel,"Prix au kilo : 28,11€/kgLe Pesto Rosso est une spécialité méditerranéenne qui s’accommode plus particulièrement avec vos pâtes, riz et pommes de terre vapeur. Pot de 90g.Composition : HUILE DE TOURNESOL*, BASILIC*, EAU, CAROTTES*, TOMATES SECHEES*, POIVRONS ROUGES*, PARMESAN*, PIGNONS DE PIN*, OIGNONS*, SEL DE MER NON "
"4,29","3,36",Purée De Cacahuète - 350g,epicerie-salee,par Jean Hervé,"Prix au kilo : 9,6€/kgPurée de cacahuète, bio, Jean hervé. Pot de 350 g.Ingrédients: Arachides d'Argentine issues de l'agriculture biologiqueValeurs nutritionnelles (pour 100g) : Energie (kJ/Kcal) 2582/622 ; Matières grasses : 49g dont acides gras saturés : 8g ; Glucides : 12,8g dont Sucres : 5,9g ; Protéines : 26g ; F"
"2,49","1,58",Crusty Snacks Fromage et Graines de Courges - 110g,epicerie-salee,par Pural,"Prix au kilo : 14,45€/kgCrusty fromage - graines de courge bio PURAL. A déguster au moment de l'apéritif. Léger et bon, même nature. Sachet de 200grIngrédients : farine de blé complète , fromage (10%), graines de courge (8%), flocons d'avoine , graines de tournesol (3%),graines de lin (3%), sel marin, sésame (2%), levu"
"7,99","6,10",Shiro Miso au riz et soja - 300g,epicerie-salee,par Lima,"Prix au kilo : 20,35€/kg Obtenu par fermentation naturelle courte dans des tonneaux de bois, comme le veut la tradition japonaise, ce shiro miso, ou miso blanc se conserve longtemps grâce à l'acide lactique naturel. Sans additifs ni de conservateurs artificiels. le miso est naturellement riche en protéines, minéraux et"
"4,80","3,64",Ravioli aux légumes - 670g,epicerie-salee,par Danival,"Prix au kilo : 5,44€/kg Enfin des raviolis sans chichi. Une recette vegan, sans colorant, sans conservateur et à faible teneur en matières grasses qui revisite un grand classique. Un goût savoureux qui ravira toute la familleIngrédients : eau, ravioli 5 Légumes* 17% (Pâte* (60%) : semoule de blé dur*, eau ; Farce* (40 "
"5,00","3,94",Oignon en Lanières - 125g,epicerie-salee,par Cook,"Prix au kilo : 31,52€/kgL’oignon est un aromate universel, consommé dans toutes les régions du monde. Il en existe plusieurs variétés, dont certaines sont particulièrement riches en antioxydants. Il fait partie de la grande famille des alliacés et, tout comme l’ail, on lui attribue certaines propriétés bénéfiques pour "
"7,69","6,14",Huile Vierge De Sésame - 50cl,epicerie-salee,par Emile Noel,"Prix au litre : 12,28€/L100% d'huile vierge de Sésame biologique de première pression à froid.Composition : 100% d'huile vierge de Sésame biologique de première pression à froidValeurs nutritionelles ajoutées très bientôt"
"3,16","2,54",Couscous aux fleurs - 300g,epicerie-salee,par Priméal,"Prix au kilo : 8,45€/kgDécouvrez ce plat traditionnel et original avec le Couscous aux Fleurs Bio 300g ! Cette recette instantanée vous permettra de consommer des fleurs de façon originale. Elles apportent par leurs formes et leurs couleurs variées un plaisir visuel aux graines de couscous fines et rondes. A consommer "
"4,95","3,87",Aubergines fraiches à la tomate - 650g,epicerie-salee,par ProSain,"Prix au kilo : 5,95€/kgSavoureuse sauce d'aubergines cuisinées a la tomate. Idéal froid en entrée, ou chaud en accompagnement de viandes, d’oeufs ou de poissons. Ingrédients issus de l'agriculture biologique. Contenance : 650gIngrédients : Aubergines* en tranches frites 50%, pulpe de tomate* et tomate* reconstituée à p"
"4,59","3,42",Mélange de Fruits Secs Junior Mix - 250g,epicerie-salee,par Pural,"Prix au kilo : 13,72€/kgMélange junior fruits secs, bio, Pural. 250 g.Ingrédients :Sultanine (50%), Noisettes (15%), Noix de cajou (13%), Amande blanchie (10%), Amandes brunes (7%), Cerneau de noix (5%)Valeurs nutritionelles ajoutées très bientôt"
"2,89","1,94",Pesto Verde sans ail - 130g,epicerie-salee,par LaSelva,"Prix au kilo : 14,89€/kgUn pesto sans ail ajouté, dédié au basilic qui a été cueilli et découpé rapidement durant la pleine saison pour préserver sa saveur intense !Ingrédients : Basilic* 55%, huile de tournesol*, flocons de pomme de terre*, huile d'olive vierge*, pignons de pin* 0,5%, sel marin, jus de citron*. *issu "
"7,49","5,77",Figues Lerida - 500g,epicerie-salee,par Pural,"Prix au kilo : 11,56€/kgFigues Lérida bio Nr 4, bio, Pural. 500 g.Ingrédients : figues séchéesValeurs nutritionelles ajoutées très bientôt"
"5,95","4,42",Ratatouille à la catalane - 1kg,epicerie-salee,par ProSain,"Prix au kilo : 4,42€/kgDélicieuse ratatouille a la catalane aux ingrédients issus de l'agriculture biologique. Contenance : 1kgIngrédients : Tomate (reconstituée à partir de concentré ) et pulpe de tomate ,aubergines frites 21%, courgettes frites 21%, oignons , huile de tournesol désodorisée, poivrons rouges, sel de me"
"3,19","2,15",Câpres bio au vinaigre - 140g,epicerie-salee,par Biorganica Nuova,"Prix au kg : 15,4€/kgLe câprier est connu depuis l'Antiquité pour guérir les problèmes de rate, d'estomac, de sciatique et de menstruations. Les Grecs et les Romains qui l'appréciaient beaucoup, l'utilisaient pour ses vertus médicinales, notamment sous la forme d'une décoction, couramment employée pour désinfecter les "
"4,29","3,22",Poivre noir moulu - 45g,epicerie-salee,par Cook,"Prix au kilo : 71,56€/kgParfum boisé, frais, piquant et agréablement aromatique. Les baies de poivre noir sont cueillies vertes, puis elles sont soumises à la fermentation pendant quelques jours et sont séchées au soleil, sous l'action duquel elles se rident et noircissent.Ingrédients : Poivre noir bioValeurs nutrition"
"3,99","2,91",Sauce bolognaise Demeter - 300g,epicerie-salee,par Le Delizie di Mamma Puggia,"Prix au kilo : 9,71€/kgUne délicieuse sauce bolognaise aux tomates cueillies de saison et à la viande de bœuf issue de l'agriculture biologiqueIngrédients : Tomates* 64.4%, viande de boeuf* 19.5%, carottes*, huile d'olive extra vierge d'olive* 4.26%, oignons*, céleri*, jus de raisin*, poivre noir*, laurier*, selValeurs"
"2,69","2,01",Purée de Carottes - 120g,epicerie-salee,par Priméal,"Prix au kilo : 16,83€/kg Purée de Carottes - Préparation rapide - Origine France - Sachet de 120 g.Ingrédients : Pomme de terre (72%), carottes (17%), amidon de maïs , céleri , oignon , épices , antioxydant : extrait de romarin Valeurs nutritionnelles (pour 100g) : Energie (kJ/Kcal) 1434/339 ; Matières grasses : 0,3g d"
"2,69","2,09",Sauce tomate puttanesca Vegan Demeter - 300g,epicerie-salee,par Le Delizie di Mamma Puggia,"Prix au kilo : 6,98€/kgOlives, Câpres et tomate. Un trio magique qui vient de Naples. Vegan, ne contient pas d'anchois.Ingrédients : Tomates* 84.1%, huile d'olive extra vierge* 4.9%, olives noires* 8%, capres* 1.9%, ail*, poivre noir*, selValeurs nutritionnelles (pour 100g) : Valeur énergétique : 234 k soit 56 kcal, Pr"
"3,19","2,08",Quinoa Cuisiné Au Petits Légumes - 220g,epicerie-salee,par Priméal,"Prix au kilo : 9,5€/kgDoypack ""Quinoa cuisine aux petits légumes"" : Un délicieux plat cuisiné Bio, végératien et super pratique! La quantité est idéale pour un repas complet pour 1 personne ou pour 2 personnes si il s'agit d'un accompagnement. 220grComposition : Eau, quinoa* 23%, légumes* 20% (carottes*, poivrons rouge"
"3,09","2,40",Soupe aux pois cassés récoltés en France - 50cl,epicerie-salee,par Danival,"Prix au kilo : 4,81€/kgVenez (re)découvrir la plus méconnue des légumineuses avec cette soupe aux pois cassés récoltés dans le Sud-Ouest. Onctueuse et gourmande elle ravira toutes les papilles.Ingrédients : Eau, pois cassés* (10%), courgettes*, carottes*, oignons*, huile de tournesol*, sel marin non raffiné de l'Atlant"
"4,99","3,99",Gingembre en Poudre - 80g,epicerie-salee,par Cook,"Prix au kilo : 49,88€/kgArôme chaud et délicatement boisé: saveur piquante et légèrement caustique. Il est cultivé en Asie tropicale depuis plus de 3000 ans, le gingembre fut l'une des premières épices à atteindre les régions méditerranéennes. Cuisine orientale et végétarienne, pâtisseries, salades de fruits, biscuits."
"3,19","2,00","olives vertes entières ""Bella di Cerignola"" en saumure - 280g",epicerie-salee,par Biorganica Nuova,"Prix au kilo : 7,14€/kg Decouvrez les olives noires de Biorganica Nuova cultivées par la famille Gaudiano. Idéales pour l'apéritif ou pour agrémenter vos préparations culinaires, elles ont un goût délicat. Bocal en verre de 280g. Ingrédients : Olives vertes*, eau, sel, régulateur d'acidité: acide cirique.Valeurs nutrit"
"4,95","3,86",Tajine du soleil aux 7 légumes - 660g,epicerie-salee,par ProSain,"Prix au kilo : 5,85€/kgLa recette traditionnelle de la tajine, plat oriental par excellence. Harmonieux mélange de sept légumes, cuisinés et parfumés aux épices doucesIngrédients : Légumes* 52% (carottes* 11%, oignons*, courgettes* 10%, navets* 9%, céleri*, poivrons rouges* 3%, pois chiches* réhydratés 3%), pulpe de to"
"2,29","1,54",Sauce Tomate à la provençale - 200g,epicerie-salee,par ProSain,"Prix au kilo : 7,7€/kg Sauce tomate bio à teneur réduite en sodium. Ingrédients issus de l'agriculture biologique. Contenance : 200gIngrédients : Tomate (reconstituée à partir de concentré) 97%, sucre de canne non raffiné , oignons , ail , échalote , épices , plantes aromatiquesValeurs nutritionnelles (pour 100g) : Ene"
"3,99","3,04",Levure De Bière Paillettes - 175g,epicerie-salee,par Priméal,"Prix au kilo : 17,37€/kgLa Levure de Bière en Paillettes de chez Priméal présente une concentration unique en protéines, vitamines et minéraux et en fait un ingrédient nutritionnel intéressant. Elle est source de bien être et représente également un atout beauté. Etui carton imprimé avec bec verseur en carton. Contenan"
"1,90","1,29",Chips de lentilles - 90g,epicerie-salee,par Lima,"Prix au kilo : 14,33€/kgLes lentilles sont une source de protéines végétales et Lima les a revisité sous une forme unique et croustillante en préservant leur goût naturel et leurs qualités nutritives (source de fibres et de protéines). Comme en-cas ou à l'apéritif, profitez de ce snack lentilles, cuit au four!Ingrédien"
"2,09","1,60",Sauce Tomate À La Bolognaise Végétale - 190g,epicerie-salee,par ProSain,"Prix au kilo : 8,42€/kgDélicieuse sauce tomate à la bolognaise végétale issue de l'agriculture biologique. Délicatement arfumée à l’huile d’olive et préparée avec du soja .Contenance : 190gIngrédients : Tomate reconstituée à partir de concentré (47%), soja, oignons (11%), carottes , huile d’olive vierge extra extraite "
"3,90","2,84",Cerneaux De Noix - 125g,epicerie-salee,par Pural,"Prix au kilo : 22,72€/kgCerneaux de noix, bio, Pural. 125gIngrédients : Cerneaux de noixValeurs nutritionelles ajoutées très bientôt"
"4,20","3,12",Soupe de poissons au saumon - 500g,epicerie-salee,par Le phare d'Eckmuhl,"Prix au kilo : 6,25€/kgLa Soupe de Poisson au Saumon bio Phare d'Eckmühl contient 25 % de saumon issu de fermes aquacoles certifiées en Agriculture Biologique. Un choix délibéré de la marque, qui permet de garantir au consommateur une soupe certifiée AB, tout en contribuant à une gestion raisonnée de la ressource en sa"
"5,45","4,14",Pâte De Curry Thaï Jaune - 100g,epicerie-salee,par Autour Du Riz,"Prix au kilo : 41,5€/kgAssaisonnement prêt à l’emploi : à mélanger avec du lait de coco pour réaliser des currys thaïs avec viandes, poissons et légumes.Ingrédients : Citronnelle*, vinaigre de riz*, gingembre doux*, huile de coco*, ail*, échalote*, sucre de canne blond*, sel, piment rouge* 1,77%, curcuma*, coriandre*, "
"2,99","2,40",Filets de harengs fumés pêche durable - 150g,epicerie-salee,par Le phare d'Eckmuhl,"Prix au kilo : 16€/kgConsommé depuis la préhistoire, vous vous régalerez de ces filets de harengs fumés aux bois de hêtre issus d'une pêche durable certifiée MSC.Ingrédients : Filets de harengs fumés 50 %, huile de tournesol*, oignons* 13 %,carottes* 6,5 %, sel. *ingrédients issus de l’agriculture biologiqueValeurs nut"
"2,29","1,61",Purée Pomme De Terre - 120g,epicerie-salee,par Priméal,"Prix au kilo : 13,42€/kg Purée de Pommes de Terre - Préparation rapide - Origine France - Sachet de 120 g.Ingrédients : Pommes de terre , antioxydant : extrait de romarin (&lt;0.1%)Valeurs nutritionnelles (pour 100g) : Energie (kJ/Kcal) 1482/350 ; Matières grasses : 0,4g dont acides gras saturés : 0,2g ; Glucides : 76,"
"3,09","2,22",Mangues Séchées - 100g,epicerie-salee,par Pural,"Prix au kilo : 22,2€/kgMangues séchées, bio, Pural. 100 g. La mangue peut fournir la totalité de l'apport journalier recommandé en ß-carotène, en fibres et en vitamine A et C, ce qui lui confère la palme de la protection contre l'action des radicaux libres.Présentation :Sac de 100 g.Pays d’Origine : AutricheQualité :Bi"
"4,00","3,12",Curry En Poudre - 80g,epicerie-salee,par Cook,"Prix au kilo : 39,13€/kgUne des plus populaires épices du monde, le curry, est désormais utilisé non seulement pour son goût spécial et pour donner des saveurs aux différentes préparations culinaires, mais également pour son pouvoir à prévenir et à soigner de nombreuses maladies. Gibiers, volailles, poissons, pâtes, ri"
"5,49","4,65",Noix De Cajou - 200g,epicerie-salee,par Pural,"Prix au kilo : 23,3€/kgNoix de cajou entières, bio, Pural. 200 g.Ingrédients: Noix de Cajou entièresValeurs nutritionelles ajoutées très bientôt"
"2,99","2,36",Soupe aux 5 légumes du soleil récoltés en France - 50cl,epicerie-salee,par Danival,"Prix au kilo : 4,72€/kgUne soupe haute en couleur et délicieuse avec des légumes récoltés à maturité et de saison dans le Sud-ouest de la France. Une recette simple pour un goût inimitable : des oignons rissolés avec des tomates et de beaux légumes dans un bouillon d'herbes provençales et de basilic, et c'est tout pour"
"2,99","1,55",Gingembre Confit en Cube - 125g,epicerie-salee,par Les Accents du Soleil,"Prix au kilo : 12,48€/kgGingembre confit certifié bio. À consommer nature ou à mélanger dans vos recettes. Origine: Chine. Sachet refermable de 125g.Ingrédients : Gingembre 48,2%, Sucre 45,2%, eau 6,6%.Valeurs nutritionnelles (pour 100g) : Energie (kJ/Kcal) 1465/345 ; Matières grasses : 0,3g dont acides gras saturés : "
"1,85","1,32",Chips Maïs Paprika - 125g,epicerie-salee,par Pural,"Prix au kilo : 10,64€/kgChips Maïs Paprika, bio, Pural. 125grIngrédients :Maïs moulu (73%), huile végétale non hydrogénée , mélange paprika (5%) (herbes , sel, sirop de glucose déshydraté, oignon , extrait de levure, arôme naturelValeurs nutritionelles ajoutées très bientôt"
"8,29","6,53",Huile Vierge De Colza - 1L,epicerie-salee,par Emile Noel,"Prix au litre : 6,54€/L100% d'huile vierge de colza première pression à froid.Composition : 100% huile vierge de colza première pression à froidValeurs nutritionelles ajoutées très bientôt"
"2,89","1,94",Pesto Rosso - 130g,epicerie-salee,par LaSelva,"Prix au kilo : 14,89€/kgUn pesto aromatique élaboré à partir de tomates séchées ainsi que des noix de cajou. A tester aussi sur du pain toasté !Ingrédients : Huile de tournesol*, tomates*28%, tomates séchées*21%, noix de cajou*, basilic*, flocons de pomme de terre*, huile d’oilive vierge extra*, pignons de pin*, ail*, "
"1,99","1,50",Soupe Potimarron & Courge Butternut récoltés en France - 25cl,epicerie-salee,par Danival,"Prix au kilo : 6,01€/kgCette soupe colorée et onctueuse élaborée à partir de courges récoltées dans le Sud-Ouest de la France vous fera passer l'automne avec gourmandise. Ingrédients : Eau, potimarrons* (12%), courge Butternut* (12%), lentilles*, oignons*, huile de tournesol*, sel marin non raffiné de l'Atlantique, ail"
"2,15","1,65",Chips à la Noix de Coco - 150g,epicerie-salee,par Pural,"Prix au kilo : 11,07€/kgChips noix de coco, bio, Pural. 150 g.Ingrédients : Chips de noix de cocoValeurs nutritionelles ajoutées très bientôt"
"4,20","2,95",Sauce Soja - Shoyu Mild - 25cl,epicerie-salee,par Lima,"Prix au litre : 11,8€/Lsauce de soja et de froment fermentés naturellement, au goût délicat. Grande valeur nutritive, riche en protéines, bonne source de minéraux. Le Shoyu est un rehausseur de goût, version saine et liquide du bouillon cube. Il se marie aussi bien à la cuisine occidentale qu’orientale. Ne l'utilisez p"
"3,39","2,41",Tofu Nature Végan bio longue conservation 2x125g,epicerie-salee,par Soy,"Prix au kilo : 9,68€/kg Le tofu est un caillé frais de « jus » de soja (ou Tonyu), élaboré à partir de graines de soja rigoureusement sélectionnées. Son goût neutre et sa texture souple lui permettent de s’adapter à de nombreuses préparations salées ou sucrées. Ingrédients : Eau, soja*, gélifiants : sulfate de Calcium,"
"3,09","2,40",Soupe Lentilles Corail et épices - 50cl,epicerie-salee,par Danival,"Prix au kilo : 4,81€/kgUne soupe originale qui donne du peps ? Ce délicieux velouté aux lentilles corail, à la tomate et aux épices. riche en protéine et fibres donnera une touche exotique à votre repas.Ingrédients : Eau, lentilles corail* (10%), tomate*, oignons*, huile de tournesol*, sel marin non raffiné de l'Atlant"
"3,29","2,39",Chips Pétales de Carotte au Thym - 70g,epicerie-salee,par Croustisud,"Prix au kilo : 34,29€/kg Pétales de Carotte au Thym : laissez vous surprendre par leurs couleurs, leurs goût et la subtilité de leurs arôme! 70gComposition : Carotte, huile de tournesolValeurs nutritionnelles (pour 100g) : Energie (kJ/Kcal) 2222/533 ; Matières grasses : 33,2g ; Glucides : 55g ; Protéines : 3,2g ;"
"2,75","2,01",Pesto Ricotta Tomate - 140g,epicerie-salee,par LaSelva,"Prix au kilo : 14,36€/kgUn pesto délicieux et crémeux à la ricotta et aux pecorino. Ces 2 fromages lui donnent un goût particulièrement doux et savoureux. A accompagner avec vos pâtes bien sûr mais aussi en sauce pour des légumes crus ou plats veggiesIngrédients : Huile de tournesol*, Ricotta* 22%, concentré de tomates"
"9,99","7,43",Purée D'Amande Complète - 350g,epicerie-salee,par Jean Hervé,"Prix au kilo : 21,26€/kg Purée d'amande complète, bio, Jean hervé. Pot de 350 g.Ingrédients: Amandes complètes de Sicile issues de l'agriculture biologiqueValeurs nutritionnelles (pour 100g) : Energie (kJ/Kcal) 2558/612 ; Matières grasses : 53.8g dont acides gras saturés : 4,7g ; Glucides : 13,8g ; Protéines : 20,3g ; "
"2,99","2,06",Caviar d'olives noires - 140g,epicerie-salee,par Biorganica Nuova,"Prix au kilo : 14,79€/kgC'est parti pour l''apéro ou les recettes vegan ! Que ce soit pendant l'apéritif dînatoire, d'un brunch ou d'un repas sur le pouce, savourez l'olivade noire sur des toasts ou du pain grillé. Vous pouvez aussi le marier en cuisine pour apporter une touche finale à vos plats au bon goût de Méditér"
"2,55","1,93",Sauce tomate aux aubergines grillées Demeter - 300g,epicerie-salee,par Le Delizie di Mamma Puggia,"Prix au kilo : 6,42€/kgDe belles tomates et aubergines de saison et locales cuisinées à la perfection dans la pure tradition italienne pour accompagner vos désormais légendaires pasta al melanzane. Ingrédients : tomates*(74.9 %), aubergines* (13.5%), huile extra-vierge d'olive*(4.3%), oignons*, carottes*, céleri*, selV"
"2,99","2,06",Caviar de tomates séchées - 140g,epicerie-salee,par Biorganica Nuova,"Prix au kilo : 14,79€/kg C'est parti pour l''apéro vegan ! Avec seulement des tomates séchées de l'huile et du sel, sans épaississant et sans ajout de matière sucrante retrouvez le merveilleux goût des tomates sechées dans vos recettes ou tout simplement en le dégustant sur une tartine de pain grillée. Spécialiste dans"
"2,85","1,93",Sauce tomate arrabbiata Demeter - 300g,epicerie-salee,par Le Delizie di Mamma Puggia,"Prix au kilo : 6,42€/kgDes tomates du Sud de l'Italie, des poivrons légèrement piquants. Abracadabra, voici la sauce Arabiatta Delizie. Oui un delizie.Ingrédients : Tomates* 92%, huile extra vierge d'olive* 5.2%, anchoix, ail*, persil*, piment*, selValeurs nutritionnelles (pour 100g) : Valeur énergétique : 286 k soit 6"
"1,89","1,36",Chips De Banane - 150g,epicerie-salee,par Pural,"Prix au kilo : 9,13€/kgChips de bananes, bio, Pural. 150 g.Ingrédients : Chips de bananeValeurs nutritionelles ajoutées très bientôt"
"2,99","2,34",Chips Pétales de Patate Douce - 70g,epicerie-salee,par Croustisud,"Prix au kilo : 33,57€/kgPétales de Patate Douce : laissez vous surprendre par leurs couleurs, leurs goût et la subtilité de leurs arôme! 70gComposition : Patate douce, huile de tournesolValeurs nutritionnelles (pour 100g) : Energie (kJ/Kcal) 2233/534 ; Matières grasses : 30g ; Glucides : 60g ; Protéines : 3,7g ;"
"12,49","10,96",Huile D'Olive Vierge Extra Fruitée - 1L,epicerie-salee,par Emile Noel,"Prix au litre : 10,97€/L100% d'huile d'olive vierge extra biologique fruitée extraite à froid. 1L. Origine : EspagneComposition : 100% d'huile d'olive vierge extra biologique extraite à froidValeurs nutritionelles ajoutées très bientôt"
"3,69","2,95",Sardine pêche durable à l'huile d'olive et au citron bio - 135g,epicerie-salee,par Le phare d'Eckmuhl,"Prix au kilo : 21,85€/kgSardines à l'huile d'olive et au citron bio : De généreuses sardines de bretagne mariées à une délicate huile d’olive vierge extra réveillées poar une touche citronnée. 135gIngrédients : Sardines, huile d’olive vierge extra*, citron* (3 %), sel marin. *issu de l’agriculture biologique certifié p"
"5,99","4,50",Korma De Légumes - 680g,epicerie-salee,par ProSain,"Prix au kilo : 6,62€/kgKorma de légumes : savoureux mélange de légumes variés (patate douce, petit pois, haricots verts, carotte,...). Idéal en accompagnement ou avec du riz. Ingrédients issus de l'agriculture biologique. Contenance : 680gIngrédients : Légumes 55.8% (oignons , haricots verts , patates douces , carottes"
"1,42","1,13",Gros haricots blancs - 400g,epicerie-salee,par La Bio Idea,"Prix au kilo : 2,82€/kgFondez pour ces haricots blancs 'butter beans ""issus de l'agriculture biologique. Pour accompagner vos dîners du dimanche, pour concocter un dip méditerranéen ou une entrée veggie. Faites le plein de fibres et de protéinesIngrédients : Gros Haricots blancs* (60%), eau, sel.Valeurs nutritionnelles"
"1,49","1,07",Noix De Coco rapée bio - 100g,epicerie-salee,par Les Accents du Soleil,"Prix au kilo : 10,8€/kg Noix de coco certifiée bio. À consommer nature ou à mélanger dans vos recettes. Origine: Sri Lanka. Sachet refermable de 100g.Ingrédients : Noix de cocoValeurs nutritionnelles (pour 100g) : Energie (kJ/Kcal) 2761/660 ; Matières grasses : 64,5g dont acides gras saturés : 57,22g ; Glucides : 23,65"
"2,99","2,36",Soupe Patate douce et Gingembre 50cl,epicerie-salee,par Danival,"Prix au kilo : 4,72€/kgDécouvrez une soupe qui marie la saveur exquise et la rondeur de la patate douce avec une purée de gingembre frais. Du goût et du peps dans l'assiette pour toute la famille !Ingrédients : Eau, patate douce* (16,5%), lentilles corail*, carotte*, oignon*, huile de tournesol désodorisée*, gingembre*"
"2,79","2,16",Sel Fin De Guérande - 250g,epicerie-salee,par Le Guérandais,"Prix au kilo : 8,68€/kgLe sel de Guérande Le Guérandais est récolté par les paludiers. Le sel fin de Guérande est un produit non raffiné, juste séché et broyé, qui préserve ainsi le plaisir d'un sel authentique! Le sel fin ""Le Guérandais"" convient parfaitement à tous les usages, en cuisine comme sur la table. Ingrédien"
"4,49","3,40",Thon Albacore Au Naturel - 112g,epicerie-salee,par Le phare d'Eckmuhl,"Prix au kilo : 30,45€/kg Le thon au naturel Phare d'Eckmühl, légerement rosé, en tranche, est l'ingrédient indispensable pour de nombreuses préparations. 112grIngrédients: Thon albacore, eau, sel marinValeurs nutritionnelles (pour 100g) : Energie (kJ/Kcal) 513/121 ; Matières grasses : 2g dont acides gras saturés : 0,7g"
"3,95","2,90",Galettes Champignons Et Pois Chiches - 2x100g,epicerie-salee,par Ma Vie Sans Gluten,"Prix au kilo : 14,55€/kg Galettes bio SANS GLUTEN aux champignons et aux pois chiches - Origine FranceIngrédients : légumes cuisinés (champignons de Paris (23 %), oignons , huile de tournesoldésodorisée , huile d’olive vierge ),eau, pois chiches (18 %), farine de maïs , oeufs frais , persil , amidon de maïs , gomme ara"
"3,49","2,25",Ketchup Bio flacon souple - 560g,epicerie-salee,par Priméal,"Prix au kilo : 4,04€/kgUn Ketchup Bio savoureux, dépourvu de matières grasses et issu de l'agriculture biologique. Flacon souple de 560g pour une meilleure prise en main par les enfants. Vitamont, des ingrédients sains et gourmands ! Ingrédients : Concentré de tomates 70%, sucre de canne , vinaigre d'alcool, sel ajouté"
"3,69","2,53",Cracker Parmesan - 100g,epicerie-salee,par Pural,"Prix au kilo : 25,3€/kgCracker au parmesan, bio, Pural. 100grIngrédients :Amidon de pomme de terre , Farine de riz , flocons de pommes de terre , parmesan , huile de colza , sel marin , sucre de canne , émulsifiant : lécithine de soja Valeurs nutritionnelles (pour 100g) : Energie (kJ/Kcal) 1599/378 ; Matières grasses :"
"2,99","2,30",Filets De Maquereaux Au Vin Blanc Et Aromates - 118g,epicerie-salee,par Le phare d'Eckmuhl,"Prix au kilo : 19,58€/kgFilets de maquereaux au vin blanc bio levés a la main puis déposés un par un dans leur boite. Ils sont ensuite recouverts d'une marinade au vin blanc et aux aromates issus de l'agriculture biologique. 118gIngrédients: Filets de maquereaux 68 %, eau, aromates 7 % (citron*, oignons*, carottes*), v"
"8,99","6,39",Huile de coco vierge bio - 400ml,epicerie-salee,par Bio Planete,"Facile à utiliser en cuisine, l'huile de coco bio est l'ingrédient parfait pour cuire au four, sauter au wok ou cuire à feu vif vos aliments bio et y apportera une délicieuse touche d'exotisme."
"2,63","2,12",Petits pois carottes - 400g,epicerie-salee,par La Bio Idea,"Prix au kilo : 5,29€/kg Les enfants comme les adultes se régaleront avec les petits pois carotte La Bio Idea cuits à l'étuvéeIngrédients : Petits pois* (50% minimum), jeunes carottes* (30% minimum), eau, selValeurs nutritionnelles (pour 100g) : Valeur énergétique : 126kJ soit 30kcal, Protéines : 1,7 g, Glucides : 3,4 g"
"4,99","3,42",Haricots de mer au naturel - 160g,epicerie-salee,par Marinoe,"Prix au kilo : 21,38€/kgLes haricots de mer Marinoë sont des algues lacto-fermentées. La lacto-fermentation est un procédé de conservation sans cuisson qui met en oeuvre des bactéries lactiques. Cette technique permet de préserver au mieux les nutriments. Origine FranceIngrédients : Haricot de mer*, eau, jus de citron*"
"2,40","1,71",Écorces d'Orange Moulues - 32g,epicerie-salee,par Cook,"Prix au kilo : 53,75€/kgEcorce d'orange en poudre à la saveur acidulée et rafraîchissante. Pour pâtisseries, confiseries, punch, sangria, liqueurs...Ingrédients : Ecorce d'orange*. *Ingrédient issu de l'Agriculture Biologique.Valeurs nutritionelles ajoutées très bientôt"
"4,75","3,59",Vinaigre De Riz - 310ml,epicerie-salee,par Autour Du Riz,"Prix au litre : 11,58€/L Pur produit des filières thai Autour du Riz, ce vinaigre de riz permet de valoriser les brisures de riz biologique thaï. Sa production est artisanale. Autour du Riz a aidé Kaan, le maraîcher bio avec qui ils traitent à s'équiper d'un nouvel outil de production pour faire face à la demande des n"
"4,49","3,54",Vinaigre De Vin Vieux - 50cl,epicerie-salee,par Emile Noel,"Prix au kilo : 7,1€/kgLe vinaigre est fabrique avec du vin élaboré à partir de raisins rouges issus de l'agriculture biologique et préparé dans des foudres de bois. Bouteille de 750ml.Composition : 100% Vinaigre de vin rougeValeurs nutritionelles ajoutées très bientôt"
"5,49","3,45",Epinards en branches - 445g,epicerie-salee,par ProSain,"Prix au kilo : 7,75€/kgSes feuilles vert foncé, lisses, tendres et charnues font de l’épinard en branche, un légume aux bienfaits multiples : légume faiblement énergétique, il est pourtant très riche en fibres, en minéraux (potassium, calcium, magnésium) et en vitamines ( c, acide folique et carotène). Egoutter et réch"
"3,30","2,47",Garam Masala - 35g,epicerie-salee,par Cook,"Prix au kilo : 70,57€/kg Pour vos currys, la cuisine indienne et les plats orientaux.Ingrédients : cardamome, coriandre, cumin, cannelle, poivre noir, girofle, muscade.Valeurs nutritionelles ajoutées très bientôt"
"15,99","12,75",Huile Vierge De Noix - 50cl,epicerie-salee,par Emile Noel,"Prix au litre : 25,52€/L100% d'huile vierge de noix biologique de première pression à froid.Composition : 100% d'huile vierge de noix biologique de première pression à froidValeurs nutritionelles ajoutées très bientôt"
"4,34","3,12",Vinaigre Balsamique De Modène - 25cl,epicerie-salee,par ProSain,"Prix au kilo : 12,5€/kg Prosain a sélectionné pour vous ce vinaigre balsamique de Modène élaboré en Italie à partir d'une sélection rigoureuse de raisins et mûri en fût de chêne. Les 4 feuilles de vigne garantissent la qualité de ce vinaigre caractérisé par un goût délicieusement riche et intense qui se distingue par u"
"5,45","4,14",Pâte De Curry Thaï Rouge - 100g,epicerie-salee,par Autour Du Riz,"Prix au kilo : 41,5€/kgProduit fourni avec 1 petit livret de recettes et d'information sur les traditions culinaires thaï. Faites revenir dans un wok 2 cuillères à soupe de lait de coco et 2 de pâte de curry. Incorporez des légumes coupés en gros morceaux, salez.Ingrédients : Vinaigre de riz*, ail*, échalote*, huile de"
"5,19","4,19",Chili veggie 100% France - 670g,epicerie-salee,par ProSain,"Prix au kilo : 6,25€/kgRecette née de la fusion de la cuisine mexicaine et texane, légèrement relevée. Plat complet végétarien à base de légumes et de protéines de soja. Haricots rouges cultivés en France. Soja cultivé en France.Ingrédients : Tomate* 25%( pulpe *, concentré*), eau, haricots rouges réhydratés* 11%, cour"
"4,30","3,14",Tomates demi séchées en bocal - 190g,epicerie-salee,par Biorganica Nuova,"Prix au kilo : 16,53€/kgLes tomates semi séchées sont conservés dans un mélange d'huile. Produit travaillé à partir de matière première fraîche, récoltée dans les champs et travaillé après seulement 8 heures pour donner une saveur fraîche et intense.Ingrédients : Tomates semi séchées*, huile de graines de tournesol*, h"
"4,39","3,33",Lentilles vertes 100% France aux petits légumes - 420g,epicerie-salee,par ProSain,"Prix au kilo : 7,92€/kg Lentilles vertes cuisinées aux petits légumes. Ingrédients issus de l'agriculture biologique. Contenance : 660g.Ingrédients : Lentilles vertes*, eau, légumes* 1,5% minimum (oignon*, poireau*, carotte*), sel de mer, échalote*, ail*, poivre*, thym*. *Ingrédients issus de l’agriculture biologique.V"
"6,00","4,61",Herbes De Provence - 80g,epicerie-salee,par Cook,"Prix au kilo : 57,63€/kg Mélange traditionnel français. Les herbes de Provence comptent parmi les mélanges d'herbes les plus fameux et suffisent à elles seules à évoquer le soleil, le ciel bleu et les senteurs merveilleuses de la garrigue. Cuisine provençale, grillades.Ingrédients : Thym*, romarin*, sarriette*, origan*"
"4,85","4,11",Huile de Lin vierge - 25cl,epicerie-salee,par Bio Planete,"Prix au kilo : 16,43€/kgHuile bio de lin vierge : Enfin une huile de lin sans amertume! L’huile de lin est naturellement riche en acides gras alphalinoléniques du type oméga 3. Ce sont des acides gras dits « essentiels » souvent trop peu présents dans notre alimentation moderne. 250mlIngrédients : 100% Huile bio de lin"
"4,09","2,95",Couscous Du Soleil sans Gluten - 275g,epicerie-salee,par Ma Vie Sans Gluten,"Prix au kilo : 10,73€/kgLe Couscous du soleil Bio de Ma vie sans gluten est un savoureux plat oriental sain et ensoleillé. Le couscous est un plat typique berbère marocain, riche d'ingrédients sains, sans gluten et délicieux. A base de semoule de maïs, de riz blanc, de tomates, carottes, épices, cannelle, clous de giro"
"5,99","4,52",Gomasio en sachet - 500g,epicerie-salee,par Priméal,"Prix au kilo : 9,06€/kgGomasio en sachet, à base de sésame - Origine Italie - Sachet de 500 g.Ingrédients : Sésame complet grillé , sel marin (4%)Valeurs nutritionelles ajoutées très bientôt"
"3,19","2,48",Paprika Doux - 40g,epicerie-salee,par Cook,"Prix au kilo : 62,25€/kgLe paprika est un piment originaire des régions tropicales de l'Amérique importée en Europe à partir du XVIème siècle. Sa culture en Hongrie, dans les plaines du Danube, a permis de créer une variété au parfum doux et chaud à la fois : le paprika. Utilisé en poudre, seul ou en mélange, le paprik"
"4,99","2,97",Raisin secs sultanines blondes bio - 500g,epicerie-salee,par Pural,"Prix au kilo : 11,88€/kgLa sultanine est un cépage blanc de raisin de table. Il est très cultivé dans le monde pour la production de raisins frais et la préparation de raisins secs. Le nom évoque la vigne du sultan. Les raisins sont agréables à consommer à l’état frais puisqu’ils n’ont pas de pépins. La vraie destinati"
"5,30","3,87",Pesto basilic vegan - 180g,epicerie-salee,par LaSelva,"Prix au kilo : 21,51€/kgPour les amoureux du basilic et de l'Italie, régalez-vous avec ce délicieux pesto vegan. Sans parmigiano mais avec un maximum de goût, plus de 60% de basilic et plus de 20% de pignons de pins, ce pesto en a fait chavirer plus d'unIngrédients : Basilic*60%, huile d’olive vierge extra*33%, pignons"
"2,90","2,40",Couscous marocain - 300g,epicerie-salee,par Priméal,"Prix au kilo : 8€/kgDécouvrez ce plat traditionnel et original avec le Couscous Marocain 300g ! A consommer de préférence chaud, seul ou en accompagnement. Sachet de 300g. Parfumé en épices et aromates, ce couscous apporte toutes les saveurs et les couleurs de l’orient dans votre assiette. Composé de semoule de blé com"
"2,69","1,95",Macédoine - 345g,epicerie-salee,par ProSain,"Prix au kilo : 5,65€/kgMacédoine de légumes issus de l'agriculture biologique. Recette sans sel ajouté. Contenance : 345g.Ingrédients : Eau, carottes (24% des légumes), navets (20% des légumes), petits pois (20% des légumes), haricots verts (20% des légumes), flageolets réhydratés (14% des légumes).Valeurs nutritionnel"
"5,99","4,75",Ravioli au bœuf - 670g,epicerie-salee,par Danival,"Prix au kilo : 7,09€/kg Un ravioli avec seulement des bonnes choses, c'est possible avec Danival. Sans colorant, sans conservateur et de la viande française. Un classique, mais plus exigeant, qui ravira toute votre famille bio !Ingrédients : eau, tomates* (concentré de tomates* et pulpe*), ravioli Pur Boeuf* 17% (Pâte*"
"6,99","5,32",Ghee traditionnel indien - 145g,epicerie-salee,par Beendhi,"Prix au kilo : 36,72€/kgSelon l’Ayurveda, le ghee est l’une des matières grasses les plus bénéfiques pour la santé. Découvrez ce ghee, fabriqué en France, à partir d’un beurre bio signé Pascal Beillevaire, et clarifié selon une méthode ancestrale indienne. Le ghee ne brûle pas à la cuisson.Ingrédients : 100% beurre cla"
"5,00","3,70",Noix De Muscade Moulue - 35g,epicerie-salee,par Cook,"Prix au kilo : 105,71€/kgLa petite touche à ajouter pour asaisonner vos plats en sauce. Sauce béchamel, farces, gratins, purée de légumes mais aussi certains desserts car la noix de mucade se marie aussi bien au salé qu'au sucréIngrédients : Noix de muscade bio.Valeurs nutritionelles ajoutées très bientôt"
"4,49","3,36",Chili Con Seitan - 525g,epicerie-salee,par Danival,"Prix au kilo : 6,4€/kgChili Con Seitan BIO : Inspiré par la cuisine TEX-MEX, Danival a concocté une déclinaison végétarienne du chili con carne où la viande de boeuf est remplacée par du seitan. Le seitan, aussi appelé « viande de blé », constitue une source de protéines végétales. 525gIngrédients : Eau, Haricots rouge"
"5,49","3,91",Seitan (protéine de blé) - 250g,epicerie-salee,par Lima,"Prix au kilo : 15,64€/kgSeitan (protéine de blé) LIMA 100 % bio. Spécialité à consommer en remplacement d'une viande. Bocal 250 g.Ingrédients : Eau, Gluten , Farine de froment T65 , Shoyu (Soja , Froment ,Eau, A.oryzae), Oignon , Poivre noir , Ail , GingembreValeurs nutritionnelles (pour 100g) : Energie (kJ/Kcal) 633/1"
"3,89","2,82",Minestrone toscana - 500g,epicerie-salee,par Autour Du Riz,"Prix au kilo : 5,64€/kgSoupe régionale italienne, la minestrone alla toscana est un classique qui contient un mélange de riz et légumineuses tous issus de l'agriculture biologique. Le riz complet italien est l'ingrédient phare de cette recette de minestroni purement italienne. 1 sachet pour 8 portions. Recette 100% ita"
"3,30","2,53",Graines Express 2 Céréales Et 2 Légumineuses - 250g,epicerie-salee,par Danival,"Prix au kilo : 10,16€/kgDanival vous propose cette nouvelle recette de 2 céréales et 2 légumineuses BIO : Association céréales/légumineuses: un trésor nutritionnel pour la santé! Texture tantôt fondante, tantôt croquante! 250grIngrédients : Quinoa Bio Equitable (33,5%) - Bolivie, Lentilles (22,5%) - France, Epeautre (2"
"4,19","3,09",Flageolets préparés 100% France - 425g,epicerie-salee,par ProSain,"Prix au kilo : 7,27€/kgFlageolets finement cuisinés aux aromates et issus de l'agriculture biologique. Contenance : 660g.Ingrédients : Flageolets* réhydratés, eau, sel de mer, oignon*, échalote*, ail*. *Ingrédients issus de l’agriculture biologique.Valeurs nutritionnelles (pour 100g) : Valeur énergétique : 319kj soit 7"
"5,30","3,70",Sauce Soja - Tamari Strong - 25cl,epicerie-salee,par Lima,"Prix au litre : 14,84€/LLe Shoyu (soja et froment) et Tamari Classic (pur soja) de Lima sont confectionnés par la famille Sato, une ancienne famille japonaise qui se transmet les connaissances et les recettes traditionnelles depuis huit générations. Le Shoyu et le Tamari sont des rehausseurs de goût. Versions saines et"
"2,79","2,07",Ail en Poudre - 45g,epicerie-salee,par Cook,"Prix au kilo : 46€/kgGoût vif et pénétrant, odeur caractéristique. Champignons, marinades, salades, pâtes, sauces etc.Ingrédients : Ail issu de l'Agriculture Biologique.Valeurs nutritionelles ajoutées très bientôt"
"4,00","3,05",Cannelle En Poudre - 80g,epicerie-salee,par Cook,"Prix au kilo : 38,13€/kg Idéal pour les crèmes, compotes, pâtisseries, tartes, vin chaud.Ingrédients : Cannelle bio.Valeurs nutritionelles ajoutées très bientôt"
"11,99","10,40",Huile D'Olive Vierge Extra Douce - 1L,epicerie-salee,par Emile Noel,"Prix au litre : 10,41€/L100% d'huile d'olive douce vierge extra biologique extraite à froid. Origine Tunisie.Composition : 100% d'huile d'olive vierge extra biologique extraite à froidValeurs nutritionelles ajoutées très bientôt"
"5,19","4,07",Pâté De Campagne Aux Noisettes - 190g,epicerie-salee,par Bioporc,"Prix au kilo : 21,42€/kgDepuis sa création en 1991, au cœur du Bocage Vendéen, Bioporc fabrique et commercialise de la charcuterie biologique en respectant le savoir faire charcutier de nos anciens. avec un objectif de commerce solidaire permettant à l’ensemble des intervenants de la filière de vivre et de se développe"
"2,75","2,27",Sauce tomate aux cèpes Demeter - 300g,epicerie-salee,par Le Delizie di Mamma Puggia,"Prix au kilo : 7,57€/kgDes cèpes cueillis de saison ainsi que de belles tomates du Sud de l'Italie pour donner à vos pâtes et riz un goût inimitableIngrédients : Tomates*, cèpes*, huile extra vierge d'olive*, carottes*, céleri*, oignons*, persil*, basilic*, selValeurs nutritionnelles (pour 100g) : Valeur énergétique : "
"4,31","3,25",Haricots coco 100% France à la tomate et aux petits légumes - 690g,epicerie-salee,par ProSain,"Prix au kilo : 4,71€/kgHaricots coco cuisinés à la tomate et aux petits légumes. ingrédients issus de l'agriculture biologique. Contenance : 660g.Ingrédients : Haricots coco* réhydratés 31.5%, purée de tomates* 25,3%,, eau, légumes* 18,5% (oignons*, carottes* 8%), huile d'olive* vierge extra extraite à froid, sel de me"
"3,29","2,45",Cracker Cumin - 100g,epicerie-salee,par Pural,"Prix au kilo : 24,6€/kgCracker au cumin, bio, Pural. 100 g.Ingrédients :Fécule de pomme de terre , farine de riz , flocons de pomme de terre , huile de colza , sel de mer, sucre roux complet , émulsifiant : lécithine de soja, cumin 0,3% Valeurs nutritionelles ajoutées très bientôt"
"3,62","2,53",Aubergines grillées - 280g,epicerie-salee,par LaSelva,"Prix au kilo : 9,02€/kgQui veut de belles aubergines grillées bio pour son aperitivo ? Nous on ne s'en lasse pas !Ingrédients : Aubergines* 60%, huile de tournesol* 25%, huile d'olive extra verge* 8%, vinaigre de vin*, persil*, sel marinValeurs nutritionnelles (pour 100g) : Valeur énergétique : 464 kJ soit 111 kcal, Pr"
"3,29","2,56",Rillettes de thon albacore pêché à la ligne - 120g,epicerie-salee,par Le phare d'Eckmuhl,"Prix au kilo : 21,33€/kg Rillettes de thon : cuisinées avec le thon albacore Phare d'Eckmühl, une recette sobre et gouteuse pour un apéritif à l'improviste réussi! 120grIngrédients : Thon albacore 64 %, eau, huile de tournesol*, vin blanc*, protéines de lait*, sel de mer, oignon*, laurier*, ail*, épaississant : gomme d"
"4,50","3,62",Cumin Moulu - 80g,epicerie-salee,par Cook,"Prix au kilo : 45,25€/kg Pour agrémenter toutes les cuisines du monde. Cuisine indienne et curry, cuisine d'Afrique du Nord sur les couscous et merguez, chili con carne, pâtés végétaux, légumes.Ingrédients : Graines de cumin issues de l'agriculture biologique.Valeurs nutritionelles ajoutées très bientôt"
"1,50","1,03",Tomates Séchées - Turquie - 70g,epicerie-salee,par Les Accents du Soleil,"Prix au kilo : 14,71€/kgTomates séchées Turquie. Ingrédients issus de l'agriculture biologique. Contenance : Sachet de 70g. Ingrédients : TomatesValeurs nutritionnelles (pour 100g) : Energie (kJ/Kcal) 1080/258 ; Matières grasses : 3g dont acides gras saturés : 0,3g ; Glucides : 55,8g dont Sucres : 37,6g ; Protéines : 1"
"2,65","1,84",Abricots secs bruns de Malatya - 250g,epicerie-salee,par Les Accents du Soleil,"Prix au kilo : 7,01€/kg Abricots bruns séchés certifiés Bio. À consommer nature ou à mélanger dans vos recettes. Origine: Turquie. Sachet refermable de 250.Ingrédients : 100% abricots de Turquie.Valeurs nutritionnelles (pour 100g) : Energie (kJ/Kcal) 787/188 ; Matières grasses : 0,7g dont acides gras saturés : 0,02g ; "
"2,49","1,81",Mélange Pour Pain D'Épices - 32g,epicerie-salee,par Cook,"Prix au kilo : 56,88€/kgMélange pain d'épices bio Cook 32 g, certifié ecocert. Pour réaliser de délicieux biscuits et gâteaux de noël...Composition :Cannelle, anis vert, badiane, cardamome, girofle, gingembre Valeurs nutritionelles ajoutées très bientôt"
"18,99","14,89",Purée D'Amande Complète - 700g,epicerie-salee,par Jean Hervé,"Prix au kilo : 21,27€/kg Pourquoi on aime Jean Hervé ? Pionnier de la bio depuis 1976, Jean Hervé a 2 forces : une sélection rigoureuse des fruits secs via une vraie logique de filières ainsi qu'un processus de fabrication traditionnel pour conserver le goût ainsi que l'équilibre entre le respect des qualités nutrition"
"10,29","7,63",Cassoulet supérieur au Porc - 670g,epicerie-salee,par Danival,"Prix au kilo : 11,39€/kgLes amateurs de plats du terroir vont être conquis par ce délicieux cassoulet supérieur au porc d'origine française 680 g DANIVAL. Cette recette bio gourmande élaborée avec des haricots cultivés dans le sud-ouest fait preuve d’authenticité pour un goût unique.Ingrédients : Haricots blancs*, eau,"
"2,99","2,30",Filets de maquereaux pêche durable à la sauce moutarde Bio - 113g,epicerie-salee,par Le phare d'Eckmuhl,"Prix au kilo : 20,35€/kgUne belle moutarde bio douce et acidulée, d’une couleur bien spécifique, elle accompagne merveilleusement les filets de maquereaux. 113grIngrédients : Filets de maquereaux 56 %, eau, moutarde* de Dijon 12 % (vinaigre d’alcool*, graines de moutarde*, eau, sel marin), huile de tournesol* désodoris"
"6,99","4,66",Pruneaux D'Agen - 500g,epicerie-salee,par Les Accents du Soleil,"Prix au kilo : 9,34€/kgPruneaux séchés du Lot et Garonne certifiés bio. À consommer nature ou à mélanger dans vos recettes. Origine: France. Sachet de 500g.Ingrédients : Pruneaux du Lot-et-GaronneValeurs nutritionnelles (pour 100g) : Energie (kJ/Kcal) 1418/339 ; Matières grasses : 7,3g dont acides gras saturés : 0,06g "
"7,99","5,86",Lentillons aux mini saucisses 100% France - 680g,epicerie-salee,par ProSain,"Prix au kilo : 8,62€/kgDécouvrez la recette du « Lentilles Saucisses » revisitée par Prosain, avec des mini-saucisses de porc fumées au bois de hêtre et des lentillons cuisinés aux petits légumes.Ingrédients : Eau, lentillons* 17%, saucisses* fumées au bois de hêtre 18%, poivrons* rouges 11%, carottes* 8%,oignons* 5%, "
"5,50","4,39",Thon Albacore à l'huile d'olive bio - 160g,epicerie-salee,par Le phare d'Eckmuhl,"Prix au kilo : 27,4€/kg Le thon albacore Phare d'Eckmühl encore plus moelleux, plus fondant grâce à son bain d' huile d'olive vierge extra bio. Ingrédients : Thon albacore, huile d’olive vierge extra (34 %) issue de l’agriculture biologique, sel de mer."
"5,69","4,52",Tajine aux pruneaux et aux amandes - 670g,epicerie-salee,par ProSain,"Prix au kilo : 6,75€/kgDélicieuse tajine à l'orientale aux pruneaux et aux amandes. Peut être consommé tel quel ou accompagner une semoule ou une viande. Cette tajine associe le fondant des pruneaux et au craquant des amandes à la saveur de légumes délicatement épicés. Contenance : 670gIngrédients : Légumes* 52,9% (cou"
"1,79","1,41",Sauce tomate Passata au basilic - 680g,epicerie-salee,par La Bio Idea,"Prix au kilo : 2,07€/kgCette passata au basilic est un indispensable dans votre cuisine si vous voulez réaliser les meilleures sauces tomates du monde ! Fabriquée dans la plus pure tradition sicilienne à partir de tomates rondes et d’une touche de basilic. Elle sera idéale pour élaborer des recettes originales de sauce"
"3,39","2,44",Fécule De Maïs - 500g,epicerie-salee,par Ma Vie Sans Gluten,"Prix au kilo : 4,88€/kgFécule de maïs 500gr: Permet de remplacer la farine de blé et contribue à la légèreté des textures de gâteaux. C’est aussi un excellent liant à chaud en veillant à délayer la fécule dans un liquide froid avant cuisson! Garantie sans Gluten. 500gIngrédients : Fécule de maïs issue de l’agriculture "
"2,09","1,50",Sauce tomates aux légumes frais - 340g,epicerie-salee,par LaSelva,"Prix au kilo : 4,43€/kgUne sauce tomate qui dépote ! Avec plus de 20% de légumes dedans. Aubergines, oignons, carottes, courgettes et poivrons. Le tout, sans huile ajoutée !Ingrédients : Tomates* 76%, Légumes (proportions variables d'aubergines*, d'oignons*, de carrotes*, de courgettes*, et de poivrons*) 23%, se marinV"
"10,49","8,26",Purée De Noisette - 350g,epicerie-salee,par Jean Hervé,"Prix au kilo : 23,6€/kgPurée de noisettes, bio, Jean Hervé. Pot de 350 g.Ingrédients: Noisettes de Sicile issues de l'agriculture biologiqueValeurs nutritionnelles (pour 100g) : Energie (kJ/Kcal) 2767/662 ; Matières grasses : 64,7g dont acides gras saturés : 5,8g ; Glucides : 13,5g ; Protéines : 12,5g ; Fibres : 42g; S"
"3,49","2,48",Gazpacho - 50cl,epicerie-salee,par Danival,"Prix au litre : 4,96€/L Soupe froide Gaspacho Bio. Source de fibres. A consommer en apéritif, dans des verrines ou en plat. Fabriqué en France. Poids net : 500g.Ingrédients : Tomates cubetées , eau, poivrons rouges , concombre , oignons , huike d'olive extra vierge extraite à froid , vinaigre de vin issu de raisins bio"
"4,00","3,08",Poudre de Curcuma - 80g,epicerie-salee,par Cook,"Prix au kilo : 38,5€/kgLe curcuma dégage un arôme poivré et frais, avec un léger parfum d'orange et de gingembre. Son goût est trés légèrement piquant, amer et astringent. Ce membre de la famille du gingembre est apprécié en Asie méridionale pour son parfum musqué et sa couleur dorée. Dans les îles du Pacifique, on att"
"2,19","1,72",Tomates pelées - 800g,epicerie-salee,par La Bio Idea,"Prix au kilo : 2,15€/kgTomates pelées issues de l'agriculture biologique. Idéales pour la réalisation de délicieuses sauces tomates. Contenance : Boîte de 800g. Ingrédients : Tomates , jus de tomatesValeurs nutritionnelles (pour 100g) : Valeur énergétique : 110kJ soit 26kcal ; Matières grasses : 0,2g dont acides gras s"
"4,49","3,22",Pistaches Nature d'Espagne - 125g,epicerie-salee,par Les Accents du Soleil,"Prix au kilo : 25,76€/kgPistaches coques nature certifiées bio. À consommer nature ou à mélanger dans vos recettes. Origine: Espagne. Sachet de 125g.Ingrédients : PistachesValeurs nutritionnelles (pour 100g) : Energie (kJ/Kcal) 2332/557 ; Matières grasses : 44,4g dont acides gras saturés : 5,44g ; Glucides : 19,16g don"
"2,99","2,16",Haricots Rouges - 345g,epicerie-salee,par ProSain,"Prix au kilo : 6,29€/kgHaricots rouges issus de l'agriculture biologique. A déguster tels quels ou en accompagnement de vos plats favoris. Contenance : 345gIngrédients : Haricots rouges réhydratés, eau, sel de merValeurs nutritionnelles (pour 100g) : Energie (kJ/Kcal) 396/93 ; Matières grasses : &lt;0.5g dont acides gr"
"6,69","4,67",Huile de coco désodorisée bio - 400ml,epicerie-salee,par Bio Planete,"Comme sa cousine (l'huile de coco vierge), l'huile de coco bio désodorisée est facile à utiliser en cuisine. Elle est l'ingrédient parfait pour cuire au four, sauter au wok ou cuire à feu vif vos aliments bio."
"10,00","6,12",Pignons De Pin de la Taïga - 100g,epicerie-salee,par Les Accents du Soleil,"Prix au kilo : 61,3€/kgPignons de pin des pinèdes de Catalogne Bio : Ils sont issus de la variété Pinus Pinea, qui constitue la variété « noble » et traditionnelle dans le bassin méditerranéen. 125 gComposition: Pignons de pin biologiquesValeurs nutritionnelles (pour 100g) : Energie (kJ/Kcal) 2970/721 ; Matières grasse"
"4,29","3,07",Galettes Quinoa Haricot Rouge - 2x100g,epicerie-salee,par Ma Vie Sans Gluten,"Prix au kilo : 15,4€/kgGalettes Bio Quinoa &amp; Haricots rouges sans gluten. Prête en 3 minutes seulement ! Fabrication française. Barquettes de 100g x 2.Ingrédients : légumes cuisinés (tomates , oignons , huile de tournesol ), eau, haricots rouges (22%), quinoa (14%) (grain et farine précuite ) , oeufs frais , épaiss"
"4,09","2,94",Baies De Goji du Tibet - 125g,epicerie-salee,par Les Accents du Soleil,"Prix au kilo : 23,52€/kgBaies de Goji des hauts plateaux du Qinghai Bio au milieu des Hauts plateaux tibétains. Des baies charnues, sucrées et moelleuses du fait de leur origine géographique. Source de vitamine, bêta-carotène et oligo-éléments.Ingrédients : Baies de Goji issues de l'agriculture biologiqueValeurs nutrit"
"3,19","2,15","olives noires entières ""Peranzana"" en saumure - 280g",epicerie-salee,par Biorganica Nuova,"Prix au kilo : 7,68€/kgDecouvrez les olives vertes de Biorganica Nuova cultivées par la famille Gaudiano. Idéales pour l'apéritif ou pour agrémenter vos préparations culinaires, elles ont un goût délicat. Bocal en verre de 280g. Ingrédients : Olives noires*, eau, sel, régulateur d'acidité: acide cirique. Valeurs nutrit"
"6,69","5,01",Chili con carne au bœuf et haricots rouges 100% France - 680g,epicerie-salee,par ProSain,"Prix au kilo : 7,37€/kgDécouvrez le chili con carne Prosain, la recette mexicaine cuisinée à la viande de bœuf, aux légumes et aux épices tex-mexIngrédients : Tomate* 22% (pulpe*, concentré*), haricots rouges réhydratés* 18%, eau, viande de bœuf* 15%, maïs* 7%, poivrons*, oignons* 7%, huile d’olive* vierge extra extrai"
"2,99","2,18",Écorce de Citron En Poudre - 32g,epicerie-salee,par Cook,"Prix au kilo : 68,44€/kg Parfait pour vos pâtisseries, confiseries, crêpes, punch, sangria.Ingrédients : Ecorce de citron bio.Valeurs nutritionelles ajoutées très bientôt"
"2,69","1,93",Sauce tomate basilic Demeter - 300g,epicerie-salee,par Le Delizie di Mamma Puggia,"Prix au kilo : 6,42€/kgSavoureuse et gorgée de soleil, cette sauce Tomate Basilic a tout d'une sauce maison. Et c'est normal, elle vient de petits producteurs des Pouilles italiennes ! Elle deviendra rapidement la meilleure amie de vos pâtes, légumes et pâtes farcis ou rizIngrédients : tomates* 86,2 %, huile d'olive vi"
"5,49","4,24",Couscous aux 7 légumes - 680g,epicerie-salee,par ProSain,"Prix au kilo : 6,24€/kgCouscous aux 7 légumes (préparation sans semoule). Peut être consommé seul ou accompagné de semoule et/ou de viande. Ingrédients issus de l'agriculture biologique. Contenance : 680gIngrédients : Légumes 54% (carottes* 13%, pois chiches* réhydratés, navet*, courgettes* 9%, oignons*, petits pois*, "
"3,99","2,73",Cèpes Séchés en Sachet - 20g,epicerie-salee,par Pural,Prix au kilo : 137€/kgCèpes Bio : Tranches séchées de qualité exquise! sachet de 20 grammes.Composition : cèpes issus de la végétation sauvage controléeValeurs nutritionelles ajoutées très bientôt
"7,99","6,12",Huile Vierge De Tournesol - 1L,epicerie-salee,par Emile Noel,"Prix au litre : 6,12€/L 100% d'huile vierge de tournesol biologique de première pression à froid.Composition : 100% d'huile vierge de tournesol biologique de première pression à froidValeurs nutritionelles ajoutées très bientôt"
"8,99","7,10",Marrons Entiers D'Ardèche Au Naturel - 420g,epicerie-salee,par Priméal,"Prix au kilo : 16,9€/kgMarrons Entiers au Naturel prêts à l’emploi pour un repas totalement équilibré! 420gComposition : Marrons*Valeurs nutritionelles ajoutées très bientôt"
"2,59","1,78",Protéines De Soja Texturées- 200g,epicerie-salee,par Priméal,"Prix au kilo : 8,95€/kg Protéines de Soja Fines - Origine UE - Sachet de 200 g.Ingrédients : Farine de soja déshuiléeValeurs nutritionelles ajoutées très bientôt"
"3,09","2,35",Filets de maquereaux pêche durable à l'huile d'olive Bio - 118g,epicerie-salee,par Le phare d'Eckmuhl,"Prix au kilo : 19,92€/kgCette spécialité se prête à toutes les recettes : une cuillère de fromage blanc et voici de sublimes rillettes, mélangée à une quiche voilà une délicieuse tarte de la mer. Poids égoutté: 74gIngrédients : Filets de maquereaux, huile d’olive vierge extra*, sel. *issu de l’agriculture biologique ce"
"2,59","1,91",Céréales cuisinées quinoa-millet haricots rouges légumes - 220g,epicerie-salee,par Ma Vie Sans Gluten,"Prix au kilo : 8,68€/kgCéréales cuisinées quinoa-millet, haricots rouges légumes : Une association savoureuse, de deux céréales et d'une légumineuse, pour profiter de la complémentarité de leurs bienfaits! 220grINGREDIENTS :Légumes* (34%) (carottes*, courgettes*, poivrons rouges*, tomates*), eau, quinoa* (16%), millet*"
"3,19","2,39",Chips Pétales de Betterave - 70g,epicerie-salee,par Croustisud,"Prix au kilo : 34,29€/kgChips Pétales de Betterave : laissez vous surprendre par leurs couleurs, leurs goût et la subtilité de leurs arôme! 70gComposition : Betterave, huile de tournesolValeurs nutritionnelles (pour 100g) : Energie (kJ/Kcal) 2166/520 ; Matières grasses : 27,3g ; Glucides : 62g ; Protéines : 5,7g ;"
"2,49","1,58",Crusty Snacks Epeautre - 110g,epicerie-salee,par Pural,"Prix au kilo : 14,45€/kgCrusty épeautre bio PURAL. A déguster au moment de l'apéritif. Léger et bon, même nature. Sachet de 200gIngrédients : farine d'épeautre complète (55%), graines de tournesol (17%), sésame (8%), farine d'épeautre (5%), flocons d'avoine , graines de lin (3%), sel marin, levure, extrait de malt d'or"
"3,19","2,19",Shiitakes Séchés en Sachet - 20g,epicerie-salee,par Pural,"Prix au kilo : 109,5€/kgShiitakes : têtes séchées de qualité exquise! Sachet de 20 grammes.Composition : shiitakes issus de la végétation sauvage controlée OKO DE-24 Valeurs nutritionelles ajoutées très bientôt"
"3,39","2,32",Couscous multicéréales - 300g,epicerie-salee,par Priméal,"Prix au kilo : 7,72€/kgLes grains de blé, blé khorasan KAMUT, épeautre et maïs, longs à cuire, se retrouvent dans ce Couscous Multi-Céréales Priméal sous forme de graines de couscous précuites et faciles à préparer. Rondes, fines et parfumées avec des épices, des plantes aromatiques et quelques légumes, les graines réh"
"3,29","2,36",Soupe Potimarron & Courge Butternut récoltés en France - 50cl,epicerie-salee,par Danival,"Prix au kilo : 4,82€/kg Cette soupe colorée et onctueuse élaborée à partir de courges récoltées dans le Sud-Ouest de la France vous fera passer l'automne avec gourmandise. Ingrédients : Eau, potimarrons* (12%), courge Butternut* (12%), lentilles*, oignons*, huile de tournesol*, sel marin non raffiné de l'Atlantique, ai"
"6,90","4,43",Amandes Entières - 250g,epicerie-salee,par Pural,"Prix au kilo : 17,72€/kgAmandes avec peau, bio, Pural. 250 g.Ingrédients: amandes avec peauValeurs nutritionelles ajoutées très bientôt"
"4,59","2,92",Noisettes de Turquie - 250g,epicerie-salee,par Les Accents du Soleil,"Prix au kilo : 11,68€/kgNoisettes, bio, Pural. 250gIngrédients : noisettesValeurs nutritionelles ajoutées très bientôt"
"2,99","2,36",Soupe aux 5 légumes verts récoltés en France - 50cl,epicerie-salee,par Danival,"Prix au kilo : 4,72€/kgUn mouliné de 7 légumes verts savoureux et onctueux qui vous donnera la pêche. Petits pois, épinards, haricots verts, poireaux et brocoli rissolés avec des petits oignons et mijotés dans un bouillon de persil et une pointe de muscade pour relever tout celaIngrédients : Eau, petits pois*(18%), épi"
"9,30","7,78",Huile de Pépin de Courge - 25cl,epicerie-salee,par Emile Noel,"Prix au kilo : 31,11€/kgL’huile vierge de pépins de Courge est caractérisée par sa richesse en oméga-6 (51,3%), plus les phytostérols qui sont des substances actives du métabolisme des lipides.Ingrédients : Huile de pépins de courgeValeurs nutritionnelles (pour 100g) : Valeur énergétique : 3699kj/884kcal, Matières gras"
"2,79","2,08",Poudre De Caroube - 330g,epicerie-salee,par Jean Hervé,"Prix au kilo : 6,3€/kgPoudre de caroube, issue de l'agriculture biologique. A utiliser dans les pâtisseries, idéal pour les personnes allergiques au gluten. Pot de 160gIngrédients : Poudre de caroube de SicileValeurs nutritionelles ajoutées très bientôt"
"5,25","4,04",Sauce Nems - 200g,epicerie-salee,par Autour Du Riz,"Prix au kilo : 20,25€/kgUn sauce pour nems authentique et bio ! Diluer 1 volume de sauce pour nems dans 1 volume d'eau. C'est prêt! Vous pouvez saucer vos nems.Ingrédients : Sucre de canne blond* 44%, vinaigre de riz Hom Mali*, piment*, carottes*, sel marin non raffiné* Issus de l'agriculture biologiqueValeurs nutritio"
"1,80","1,26",Romarin - 25g,epicerie-salee,par Cook,"Prix au kilo : 50,4€/kgDe nos jours, on utilise le romarin pour son effet calmant sur les spasmes de l’appareil digestif (vésicule biliaire, estomac et intestin) et du système respiratoire (toux, sinusite, bronchites) sur lequel l’huile essentielle qu’il contient a également un effet antiseptique. En cuisine, c’est un "
"5,15","4,21",Confit De Foie de Volaille - 190g,epicerie-salee,par Bioporc,"Prix au kilo : 22,16€/kgDepuis sa création en 1991, au cœur du Bocage Vendéen, Bioporc fabrique et commercialise de la charcuterie biologique en respectant le savoir faire charcutier de nos anciens. avec un objectif de commerce solidaire permettant à l’ensemble des intervenants de la filière de vivre et de se développe"
"7,30","6,34",Huile d'Amande douce - 100ml,epicerie-salee,par Emile Noel,"Prix au kilo : 63,36€/kg100% huile vierge d'Amande douce biologique, première pression à froid. L'amandier (Prunus Amygdalus) appartient à la famille des rosacées. Son fruit contient 1 ou 2 amandes dont la teneur en huile oscille entre 50 et 65%. Cultivé selon le mode de l'agriculture biologique, à savoir pas d'utilisa"
"4,49","3,56",Salade Du Pêcheur - France - 50g,epicerie-salee,par Priméal,"Prix au kilo : 71,4€/kgPour réaliser du pain aux algues ou ajouter une touche marine à vos préparations culinaires : Salade du Pêcheur bio, élaborée à partir de 3 variétés d'algues de Bretagne. Sachet de 50g.Ingrédients : Nori (palmaria palmata), laitue de mer (ulva sp), dulse (porphyra sp) (algues marines déshydratées"
"4,50","3,28",Pesto Toscana - 180g,epicerie-salee,par LaSelva,"Prix au kilo : 18,24€/kgFait avec 100% d'huile d'olive vierge extra bio et de basilic fraichement découpé pour préserver son arôme intense. Se marie avec des pâtes, en salade, sur des pommes de terreIngrédients : Basilic*51%, huile d’olive vierge extra*38%, flocons de pomme de terre*, sel marin, pignons de pin*, ail*, "
"6,99","4,65",Pur soja non pasteurisé (Hatcho miso) - 300g,epicerie-salee,par Lima,"Prix au kilo : 15,53€/kgHatcho miso (miso pur soja) non pasteurisé LIMA 100 % bio. A consommer dans les vinaigrettes, légumes, potages, sauces, etc... 300 g.Ingrédients : Fèves de Soja , Eau, Sel Marin, Farine d'Orge grillé, Koji (Aspergillus oryzae)Valeurs nutritionnelles (pour 100g) : Energie (kJ/Kcal) 922/221 ; Mati"
"7,99","4,91",Amandes Mondées décortiquées - 250g,epicerie-salee,par Pural,"Prix au kilo : 19,68€/kgAmandes Mondées décortiquées, bio, Pural. 250 g.Ingrédients : Amandes mondées décortiquées"
"5,99","3,67",Noix D'Amazonie - Bolivie - 125g,epicerie-salee,par Les Accents du Soleil,"Prix au kilo : 29,44€/kgNoix d'Amazonie Bio 125g À consommer nature ou à mélanger dans vos recettes. Origine: Bolivie. Sachet refermable de 125g.Ingrédients : 100% noix d'Amazonie Valeurs nutritionnelles (pour 100g) : Energie (kJ/Kcal) 2746/656 ; Matières grasses : 66,4g dont acides gras saturés : 15,6g ; Glucides : 12"
"10,79","9,23",Purée De Noix De Cajou - 350g,epicerie-salee,par Jean Hervé,"Prix au kilo : 26,4€/kgPurée de noix de cajou, bio, Jean hervé. Pot de 350 g.Ingrédients: Noix de cajou d'Inde issues de l'agriculture biologiqueValeurs nutritionnelles (pour 100g) : Energie (kJ/Kcal) 2429/581 ; Matières grasses : 45g dont acides gras saturés : 9,7g ; Glucides : 26,5g ; Protéines : 17,5g ; Fibres : 4g;"
"7,60","5,20",Olives noires de la Drôme - 220g,epicerie-salee,par Priméal,"Prix au kg : 23,6€/kgPréparation variété unique (l'anche) produite sous label, l'olive de la Drôme provençale est désamérisée et confite uniquement dans de la saumure pendant au minimum 6 mois. La saveur naturelle de l'olive est ainsi préservée. Ingrédients : olives noires*, eau, sel marin non raffiné. * Issues de l'ag"
"9,21","6,79",Huile de Chanvre vierge - 25cl,epicerie-salee,par Emile Noel,"Prix au kilo : 27,16€/kgL'Huile vierge de Chanvre biologique Emile Noël, première pression à froid, de couleur vert émeraude, présente un goût légèrement épicé et une saveur noisetée. Elle présente un excellent équilibre entre Oméga 6 et Oméga 3.Ingrédients : Huile vierge de chanvre bioValeurs nutritionnelles (pour 100"
"12,49","9,59",Grains de Poivre Noir - 200g,epicerie-salee,par Cook,"Prix au kilo : 48€/kgPoivre noir grains bio Cook 200 g, certifié ecocert. Pour Sauces, viandes, œufs, farces, pâtés, légumes, etc...Composition: baies de poivre noirValeurs nutritionelles ajoutées très bientôt"
"3,99","3,14",Kombu Royal - France - 50g,epicerie-salee,par Priméal,"Prix au kilo : 62,8€/kgPour réaliser des papillotes et réduire de temps de cuisson des légumineuses : Algues Kombu Royal Bio, récoltées en France. Sachet de 50g.Ingrédients : kombu royal ( Saccharina latissima ) (algue marine brune déshydratée)Valeurs nutritionnelles (pour 100g) : Energie (kJ/Kcal) 908/217 ; Matières g"
"1,99","1,44",Persil en Feuilles - 10g,epicerie-salee,par Cook,"Prix au kilo : 145€/kgIdéal pour donner ce goût d'antan à vos sauces, vos salades, vos champignons et vos légumes poelés ou bien sûr vos omelettesIngrédients : Feuilles de persil.Valeurs nutritionelles ajoutées très bientôt"
"2,69","2,09",Sauce tomate olives et thon Demeter - 300g,epicerie-salee,par Le Delizie di Mamma Puggia,"Prix au kilo : 6,98€/kgUn classique du Sud de l'Italie. De belles olives, des tomates cueillies à maturité en biodynamie et du thon issu d’une pêche responsable ? Cela donne une savoureuse sauce tomate qui viendra agrémenter vos plus plats de pâtes les plus réussisIngrédients : Tomates 83.1 %. thon 4.2 %. olives vertes"
"2,40","1,75",Thym en Feuilles - 15g,epicerie-salee,par Cook,"Prix au kilo : 116,67€/kgLe Thym avec sa saveur légèrement piquante est un aromate indispensable en cuisine. Il est très utilisé en particulier dans la cuisine provençale où il donne une touche méditerranéenne. Cuisine provençcale, bouquet garni, sauces, farces...Ingrédients : Feuilles de thym issues de l'Agriculture B"
"6,49","4,53",Poivrons grillés à l'huile - 280g,epicerie-salee,par LaSelva,"Prix au kilo : 16,16€/kgDe beaux poivrons grillés et marinés qui viendront savoureusement sublimer vos salades ou vos bruschettasIngrédients : Poivrons* 60%, huile de tournesol* 25%, huile d'olive extra verge* 8%, vinaigre de vin*, persil*, sel marinValeurs nutritionnelles (pour 100g) : Valeur énergétique : 493 kJ soit"
"9,97","7,09",Artichauts à l'huile d'olive - 280g,epicerie-salee,par LaSelva,"Prix au kilo : 25,33€/kgDes artichauts dans de l'huile d'olive extra vierge pour un antipasti savoureux !Ingrédients : Aubergines* 64%, huile d'olive extra verge* 34%, vinaigre de vin*, sel marin, jus de citronValeurs nutritionnelles (pour 100g) : Valeur énergétique : 495 kJ soit 118 kcal, Protéines : 2.7 g, Glucides :"
"3,99","3,23",Anchois entiers pêche durable - 115g,epicerie-salee,par Le phare d'Eckmuhl,"Prix au kilo : 28,06€/kgPhare d’Eckmühl propose l’anchois cuisiné comme une sardine. C’est-à-dire qu’il est vidé et étêté, puis frit entier dans l’huile de tournesol bio avant d’être rangé à la main dans les boites, et enfin recouvert d’huile d’olive vierge extra bio.Ingrédients : Anchois, huile d’olive* vierge extra 1"
"3,49","2,73",Miettes de petit thon albacore pêché à la ligne à la tomate bio - 160g,epicerie-salee,par Le phare d'Eckmuhl,"Prix au kilo : 17,06€/kg De succulentes miettes de thon albacore à la tomate! Ce thon est le fruit d'une pêche sélective qui respecte l'équilibre naturel. Elle réduit le stress des poissons, pêchés un par un et préserve ainsi toute la finesse et le moelleux du poisson.Ingrédients : Thon pêché à la ligne, eau, concentré"
"5,99","4,55",Salicornes au naturel - 160g,epicerie-salee,par Marinoe,"Prix au kilo : 28,44€/kg La Salicorne n’est pas une algue. C’est une plante halophyte. Tendre et charnue, elle a un léger goût salé. Elle se consomme crue en salade ou seule. La salicorne au naturel se prépare comme des haricots verts. Réchauffée à l'eau ou à la vapeur, rissolée avec d'autres légumes, elle accompagne i"
"1,29","0,93",Tomates Pelées - 400g,epicerie-salee,par La Bio Idea,"Prix au kilo : 2,35€/kg Tomates pelées issues de l'agriculture biologique. Idéales pour la réalisation de délicieuses sauces tomates. Contenance : Boîte de 400g. Ingrédients : Tomates , jus de tomatesValeurs nutritionnelles (pour 100g) : Energie (kJ/Kcal) 110/26 ; Matières grasses : 0,2g dont acides gras saturés : 0,05"
"1,85","1,37",Double Concentré De Tomates - 200g,epicerie-salee,par Priméal,"Prix au kilo : 6,9€/kgDouble concentré de tomates. Ingrédients issus de l’agriculture biologique. Contenance : Tube de 200g.Ingrédients : Purée de tomates double concentrée à 28%, sel marinValeurs nutritionnelles (pour 100g) : Energie (kJ/Kcal) 383/91 ; Matières grasses : 1g dont acides gras saturés : 0,2g ; Glucides :"
"2,21","1,87",Petits pois à l'étuvée - 400g,epicerie-salee,par La Bio Idea,"Prix au kilo : 4,68€/kg Petits pois cuits à l'étuvée. Idéales pour accompagner viandes et poissons mais aussi dans vos korma de légumes ou en dahl veggie.Ingrédients : Petits pois extra-fins*, eau, sucre*, sel marin, arôme naturel.Valeurs nutritionnelles (pour 100g) : Valeur énergétique : 359kJ soit 85kcal, Protéines :"
"1,69","1,34",Sauce tomate Passata nature - 680g,epicerie-salee,par La Bio Idea,"Prix au kilo : 1,97€/kgCette passata est un indispensable dans votre cuisine si vous voulez réaliser les meilleures sauces tomates du monde ! Fabriquée dans la plus pure tradition sicilienne à partir de tomates rondes. Elle sera idéale pour élaborer des recettes originales de sauce tomate ! Contenance : 690g, Origine :"
"3,69","2,32",Vinaigre De Cidre - 75cl,epicerie-salee,par Coteaux Nantais,"Prix au litre : 3,09€/L Vinaigre de cidre : Il est élaboré à partir de cidre issu du pressage de pommes entières. Non pasteurisé. Ses qualités naturelles sont ainsi préservées! 75clComposition : Pommes 100 %Valeurs nutritionelles ajoutées très bientôt"
"3,99","2,87",Galettes Tomates Lentilles - 2x100g,epicerie-salee,par Ma Vie Sans Gluten,"Prix au kilo : 14,35€/kgGalettes bio SANS GLUTEN à la tomates et aux lentilles corail - Origine FranceIngrédients : légumes cuisinés (tomates (14%), poivrons rouges , oignons , tomatesséchées (3%) ,huile de tournesol désodorisée , huile d’olive vierge ), eau, lentilles corail (14%) , farine de maïs , oeufs frais , basi"
"2,79","2,09",Sauce Tomate Basilic 100% France - 370g,epicerie-salee,par ProSain,"Prix au kilo : 5,65€/kg Savoureuse sauce tomate au basilic issue de l'agriculture biologique. Contenance : 370gIngrédients : Tomate ( pulpe et concentré) 85.7%, oignons , huile d’olive vierge extra extraite à froid , basilic 2%, ail , sel de merValeurs nutritionnelles (pour 100g) : Energie (kJ/Kcal) 250/60 ; Matières g"
"2,99","2,38",Foie De Morue Au Naturel - 121g,epicerie-salee,par Le phare d'Eckmuhl,"Prix au kilo : 19,67€/kgFoie de morue au naturel : A découvrir ou redécouvrir, idéalement placer au réfrigérateur 2h avant de déposer de fines tranches sur un bon pain bio!Ingrédients: Foie de morue, huile exsudée, selValeurs nutritionnelles (pour 100g) : Energie (kJ/Kcal) 1562/379 ; Matières grasses : 38g dont acides "
"3,19","2,33",Dattes dénoyautées - 250g,epicerie-salee,par Pural,"Prix au kilo : 9,32€/kgDattes dénoyautées, bio, Pural. 250 g.Ingrédients : Dattes séchéesValeurs nutritionelles ajoutées très bientôt"
"1,59","1,17",Polenta Instantanée - 500g,epicerie-salee,par Markal,"Prix au kilo : 2,36€/kgPolenta issue de l'agriculture biologique, s'accomode parfaitement aux plats de viande. Sachet de 500g.Ingrédients : MaïsValeurs nutritionnelles (pour 100g) : Energie (kJ/Kcal) 1465/345 ; Matières grasses : 1,7g dont acides gras saturés : 0,29g ; Glucides : 74g dont Sucres : 0,6g ; Protéines : 8,"
"3,19","2,55",Moutarde À L'Ancienne En Grains - 350g,epicerie-salee,par Emile Noel,"Prix au kilo : 7,31€/kgLa moutarde à l'ancienne en grains BIO accompagne les viandes grillées chaudes ou froides, les sauces vinaigrettes. Pot de 350g.Composition : Eau, grains de moutarde, vinaigre d'alcool, sel de mer non raffinéValeurs nutritionelles ajoutées très bientôt"
"1,55","1,35",Maïs doux en grains - 340g,epicerie-salee,par La Bio Idea,"Prix au kilo : 3,97€/kgMaïs doux en grains. A déguster dans vos salade ou chaud comme accompagnement.Ingrédients : Maïs doux*, eau, selValeurs nutritionnelles (pour 100g) : Valeur énergétique : 380 kJ soit 90 kcal, Protéines : 2,8g, Glucides : 14,1g dont sucres 10,5g , Lipides : 1,7g dont graisses saturées 0,4g, fibres"
"3,19","1,93",Amandes Blanches en poudre d'Espagne - 125g,epicerie-salee,par Les Accents du Soleil,"Prix au kilo : 15,52€/kg Amandes en poudre certifiées Bio. À consommer nature ou à mélanger dans vos recettes. Origine: Espagne. Sachet refermable de 125g.Ingrédients : 100% amande d'Espagne.Valeurs nutritionnelles (pour 100g) : Energie (kJ/Kcal) 2420/578 ; Matières grasses : 51g dont acides gras saturés : 4,3g ; Gluci"
"1,49","1,15",Crème Cuisine Aux Amandes sans Gluten - 200ml,epicerie-salee,par EcoMil,"Prix au litre : 5,8€/L Préparation culinaire à base d'Amandes bio. Délicieuse, onctueuse, prête à l'emploi, légère et facile à digérer ! Brique de 200mL.Ingrédients : Eau, huile d'amande (7%), sirop d'agave , émulsifiant : lécithine de tournesol (garantie sans OGM) , stabilisants : gomme xanthane, gomme arabique, sel m"
"2,19","1,57",Bouillon de Poule en Cube - 80g,epicerie-salee,par Priméal,"Prix au kilo : 19,75€/kgBouillon de poule bio en cube - 80g : idéal pour assaisonner vos légumes, vos sauces et de nombreux autres plats ! 80g.Ingrédients : Sel marin, beurre de karité , amidon de maïs , sucre de canne blond , viande de poule en poudre (4,2%), extrait de levure, graisse de poule (1%), céleri , oignons "
"1,29","1,10",Lentilles - 400g,epicerie-salee,par La Bio Idea,"Prix au kilo : 2,74€/kgLentilles vertes issues de l'agriculture biologique. Déjà cuites, elles sont idéales pour un repas sur le pouce ! A déguster chaudes, moulinées en soupe ou dahl ou dans vos saladesIngrédients : Lentilles*, eau, sel de merValeurs nutritionnelles (pour 100g) : Valeur énergétique : 423 kJ soit 100 k"
"1,75","1,36",Houmous - 100g,epicerie-salee,par Danival,"Prix au kilo : 13,61€/kg Un délicieux houmous à base de pois chiches récoltés dans le Sud-Ouest de la France pour égayer vos apéritifs ou tout simplement sur du pain complet toasté ou en accompagnement d'un bowl ou d'une salade. Sans colorants, sans conservateurs, juste des bons ingrédients.Ingrédients : Pois chiches d"
"1,09","0,78",Crackers de Riz au Romarin - 40g,epicerie-salee,par Ma Vie Sans Gluten,"Prix au kilo : 19,75€/kgCrackers de riz au romarin : Grâce à un procédé unique de fabrication qui offre finesse et croustillant, ces crackers légers vous accompagnent de la pause à l'apéritif! 40grComposition : Farine de riz blanc* (51%), farine de maïs* (29%), huile de germe de maïs* (10%), amidon de maïs*, sel, romar"
"2,89","2,07",Lait de Coco - 400ml,epicerie-salee,par Autour Du Riz,"Prix au litre : 5,2€/LLait de coco de grande qualité issu de l'agriculture biologique. Issu de la noix de coco Mawa, grand cru. Ce lait de coco est une alternative vegan aux crèmes fraiches et son goût la rendra incontournable pour vos recettes thaïes, asiatiques et vegas, sauces ou l’élaboration d’un jus désaltérant e"
"1,69","1,15",Coulis De Tomates - 500g,epicerie-salee,par Priméal,"Prix au kilo : 2,3€/kg Coulis de tomates de tomates issues de l'agriculture biologique. Contenance : 500gIngrédients : Purée de tomates mi-réduite à 11%, sel marinValeurs nutritionnelles (pour 100g) : Energie (kJ/Kcal) 159/38 ; Matières grasses : 0,4g dont acides gras saturés : 0,1g ; Glucides : 6g dont Sucres : 6g ; P"
"3,69","2,83",Couscous Maïs Riz Et Chia Parfumé Au Citron - 300g,epicerie-salee,par Priméal,"Prix au kilo : 9,47€/kg Couscous Riz, Maïs et Chia Parfumé Citron 300g : Cette recette instantanée est à consommer de préférence chaud, seul ou en accompagnement. Sachet de 300g.Ingrédients : Semoule de maïs (66,3%) et de riz (28,4%), graines de chia noir (Salvia hispanica) (3%), sel marin, huile essentielle de citronV"
"3,19","2,50",Pesto Verde - 90g,epicerie-salee,par Emile Noel,"Prix au kilo : 27,89€/kgLe pesto Verde est une spécialité méditerranéenne qui réhausse le goût de vos préparation, tel un plat de pâtes ou une soupe au Pistou. Pot de 90g.Composition : BASILIC*, HUILE D'OLIVE VIERGE EXTRA*, HUILE DE TOURNESOL*, AIL*, PIGNONS DE PIN*, PARMESAN*, SEL DE MER NON RAFFINE, CONCENTRE DE CITR"
"1,42","1,13",Haricots rouges - 400g,epicerie-salee,par La Bio Idea,"Prix au kilo : 2,82€/kgRiche en protéines, le haricot Kidney vous accompagnera à tout moment de la journée. Au petit déjeuner ""à l'anglaise"", dans vos salades ou dans une soupe, faites le plein d'énergie. Il possède une saveur douce et une texture légèreIngrédients : Haricots rouges kidney biologiques*, eau, sel de mer"
"3,99","2,79",Risotto Aux Cèpes - 300g,epicerie-salee,par Priméal,"Prix au kilo : 9,33€/kg Le risotto, star des plats italiens est ici imprégné de la saveur du cèpe. Le mélange est crémeux tout en gardant le côté croquant du grain de riz. 300gIngrédients: Riz arborio blanc*, cèpes* 3.5%, oignons*, sel marin, huile d'olive vierge extra*, ail des ours*, poivrfe*, antioxydant: extrait de"
"0,99","0,74",Crème Cuisine à base de Riz - 200ml,epicerie-salee,par Lima,"Prix au litre : 3,75€/L Préparation végétale Riz Cuisine, alternative végétale à la crème liquide à base de riz. Idéale pour toutes les utilisations, salée et sucrée. Facile à digérer. Certifié AB. 200mlIngrédients : Eau, ingrédients de riz 7% (farine de riz , amidon de riz , sirop de riz ), huile de tournesol , émulsi"
"3,99","3,10",Haricots Verts Extra-Fins - 660g,epicerie-salee,par ProSain,"Prix au kilo : 8,99€/kg Haricots verts extra-fins issus de la filière biologique française. Poids net égouté : 345gIngrédients : Haricots verts extra-fins , eauValeurs nutritionnelles (pour 100g) : Energie (kJ/Kcal) 125/30 ; Matières grasses : 0,4g n; Glucides : 5g dont Sucres 1,2g ; Protéines : 1,5g ; Fibres : 2,5g ; "
"1,65","1,24",Gressins Sésame - 120g,epicerie-salee,par Priméal,"Prix au kilo : 10,33€/kgGressins au Sésame. Origine Italie - Sachet de 120 g.Ingrédients : Farine de blé , son fin de blé sésame (7%), huile d’olive vierge extra , sel marin, levure de bière Valeurs nutritionnelles (pour 100g) : Energie (kJ/Kcal) 1605/380 ; Matières grasses : 8g ; Glucides : 64g ; Protéines : 13g ; Fib"
"1,29","1,10",Pois chiches - 400g,epicerie-salee,par La Bio Idea,"Prix au kilo : 2,74€/kgVive les pois chiches Bio Idea ! Source de protéines et de fibres, ces pois chiches déjà cuisinés viendront rajouter de l'énergie à vos salades ou, mixé avec du Tahin, vous permettront de déguster un délicieux Houmous méditerranéenIngrédients : Pois chiches biologiques, eau, sel de merValeurs nut"
"9,99","7,90",Huile d'olive vierge,epicerie-salee,par La Bio Idea,"Prix au litre : 7,9€/litre L’huile d’olive vierge extra La Bio Idea est une huile d'olive grecque de catégorie supérieure, qui est extraite à froid ce qui permet de conserver toutes les qualités, notamment nutritionnelles, de l’olive. La pression se fait uniquement par des procédés mécaniques Ingrédients : huile d'oliv"
"2,19","1,43",Bouillon de Légumes en Cube - 72g,epicerie-salee,par Priméal,"Prix au kilo : 20€/kgBouillon de légumes bio en cube - 72g : idéal pour assaisonner tous vos légumes !Ingrédients : Sel marin, amidon de maïs , beurre de karité ,maltodextrine , légumes 10% (oignons ,carottes , carottes ,poireaux , poivrons rouges, tomates , CELERI ), huile de tournesol , extrait de levure, épices , ai"
"3,79","2,70",Filets De Sardines À L'Huile D'Olive - 100g,epicerie-salee,par Le phare d'Eckmuhl,"Prix au kilo : 27€/kgSardines à l'huile d'olive bio La sardine des connaisseurs , généreuse, fondue dans une délicate huile d’olive vierge extra issue de l'agriculture biologique.Ingrédients: Sardines, huile d’olive vierge extra, sel de merValeurs nutritionnelles (pour 100g) : Energie (kJ/Kcal) 919/221 ; Matières grass"
"1,49","1,15",Crème Cuisine Lait De Coco sans Gluten - 200ml,epicerie-salee,par EcoMil,"Prix au litre : 5,8€/LPréparation culinaire à base de Lait de Coco. Délicieuse, onctueuse, prête à l'emploi, légère et exotique ! Brique de 200mL.Ingrédients : Lait de coco (60%), eau, gomme guar, arôme naturel de cocoValeurs nutritionnelles (pour 100g) : Energie (kJ/Kcal) 310/75 ; Matières grasses : 7,3g dont acides g"
